1503 2532
502 384 812 438 INDEX

352 509 939 559 FABULARUM.

455 775 607 810 LIBER
631 775 837 809 PRIMUS.

72 877 154 914 Fab.
538 876 622 920 Pag.
652 877 655 893 ⁶
678 876 761 909 Fab.
1149 876 1229 921 Pag.

142 924 309 968 Prologus
414 943 427 949 -
542 943 556 949 -
606 925 620 955 l
682 924 723 955 14-
749 921 876 955 Asinus
946 929 980 957 et
1048 923 1160 957 Senex

102 974 114 1004 1
144 971 261 1015 Lupus
279 977 313 1004 et
332 971 449 1014 Agnus
542 989 556 995 —
603 971 623 1001 2
794 968 919 1002 Pastor
980 989 994 996 -
1148 991 1161 996 -
1191 973 1229 1003 16

96 1021 116 1050 2
141 1017 249 1050 Ranae
283 1016 410 1060 Regem
440 1022 557 1060 peten-
683 1017 721 1048 15
748 1014 842 1052 Ovis,
877 1015 989 1054 Canis,
1023 1023 1057 1049 et
1095 1016 1163 1049 Lu-

186 1069 237 1096 tes
337 1082 352 1089 -
543 1081 557 1088 -
603 1063 624 1094 3
792 1072 855 1104 pus
952 1082 966 1088 -
1149 1082 1163 1089 -
1192 1066 1229 1095 17

98 1113 119 1143 3
145 1108 312 1142 Graculus
330 1108 495 1152 superbus
542 1127 556 1134 -
603 1110 623 1140 6
684 1109 722 1140 16
749 1106 850 1140 Canis
868 1107 1057 1151 partui-iens
1149 1128 1162 1134 —
1193 1111 1230 1141 17

96 1157 118 1188 4
144 1154 246 1189 Canis
293 1165 353 1199 per
399 1153 555 1188 Fluvium
684 1156 723 1186 17
750 1152 860 1187 Canes
877 1153 1019 1187 famelici
1149 1175 1163 1181 -
1194 1158 1230 1187 18

190 1201 333 1235 Carnem
347 1199 457 1234 ferens
542 1219 557 1226 -
604 1202 623 1233 7
684 1202 723 1233 18
750 1199 821 1232 Leo
865 1200 978 1233 Senex
1011 1206 1045 1234 et
1087 1199 1163 1233 Asi-

98 1251 118 1281 5
144 1246 270 1287 Vacca,
297 1246 444 1291 Capella,
463 1245 555 1286 Ovis,
794 1257 858 1278 nus
1150 1267 1162 1273 -
1192 1250 1232 1280 19

187 1299 222 1327 et
240 1274 311 1327 L’eo
403 1313 416 1319 -
603 1294 624 1324 8
684 1295 724 1326 19
749 1291 900 1325 Mustela
916 1298 951 1326 et
969 1293 1086 1327 Homo
1150 1313 1163 1319 -
1193 1296 1232 1326 19

99 1342 118 1373 6
145 1338 275 1384 Vulpes
323 1345 356 1372 et
405 1337 557 1373 Persona
680 1341 724 1372 20
751 1337 853 1371 Canis
870 1338 978 1373 fidelis
1151 1360 1164 1366 -
1189 1342 1232 1373 20

191 1384 332 1429 Tragica
423 1405 437 1412 -
544 1404 558 1411 -
605 1387 625 1418 9
681 1388 721 1418 21
750 1384 849 1417 Rana
865 1391 965 1428 rupta
981 1394 1016 1420 et
1032 1387 1104 1420 Bos
1151 1405 1165 1412 -
1190 1389 1228 1419 21

101 1433 120 1463 7
147 1431 264 1476 Lupus
281 1437 316 1464 et
335 1431 425 1464 Grus
545 1450 558 1457 -
605 1433 626 1463 9
682 1434 724 1464 22
751 1430 853 1464 Canis
908 1437 943 1464 et
1003 1431 1166 1466 Crocodi-

102 1481 122 1511 8
147 1477 271 1511 Passer
287 1483 322 1511 et
339 1477 452 1522 Lepus
545 1497 559 1503 -
587 1480 627 1510 10
796 1477 849 1509 lus
1151 1497 1164 1503 -
1189 1481 1229 1511 21

101 1527 121 1555 9
147 1522 264 1567 Lupus
323 1529 358 1556 et
418 1523 560 1568 Vulpes,
683 1525 727 1556 23
752 1522 882 1563 Vulpes
900 1529 934 1556 et
953 1524 1094 1558 Ciconia
1152 1544 1166 1550 -
1190 1528 1234 1557 22

190 1568 313 1603 Judice
333 1569 437 1603 Simio
547 1589 562 1596 -
589 1571 625 1603 ll
684 1571 728 1603 24
753 1568 866 1609 Canis,
893 1569 1097 1610 Thesaurus,
1131 1576 1164 1604 et

84 1619 122 1650 10
149 1615 275 1649 Asinus
292 1622 327 1649 et
351 1615 422 1649 Leo
438 1627 562 1650 venan-
798 1596 979 1649 Vulturius
1027 1636 1041 1642 -
1152 1636 1165 1642 -
1191 1621 1234 1650 23

192 1668 245 1695 tes
355 1682 369 1688 -
547 1682 561 1688 -
590 1665 625 1695 11
684 1665 727 1695 25
754 1661 884 1706 Vulpes
902 1668 936 1695 et
956 1662 1080 1707 Aquila
1153 1681 1165 1688 ·
1191 1665 1235 1696 2-1·

85 1710 121 1740 11
150 1707 279 1741 Cervus
296 1707 340 1741 ad
356 1706 501 1740 Fontem
547 1728 562 1735 -
589 1711 628 1742 13

85 1757 125 1787 12
151 1753 283 1798 Vulpes
301 1760 335 1787 et
354 1754 485 1787 Corvus
547 1773 561 1780 —
591 1756 629 1787 14·

87 1803 126 1834 13
151 1800 208 1833 Ex
225 1801 349 1834 Sutore
366 1799 522 1833 Medicus
545 1820 560 1826 -
587 1802 628 1834 14

684 1710 726 1741 26
752 1708 861 1741 Ranae
872 1715 1062 1742 metuentes
1078 1708 1167 1742 Tau-

797 1765 910 1787 rorum
929 1754 1053 1788 Proelia.
1153 1775 1166 1780 -
1192 1759 1235 1788 25

684 1803 726 1834 27
753 1800 890 1834 Milvius
907 1808 941 1833 et
960 1800 1136 1835 Columbae
1153 1821 1167 1827 -
1192 1804 1234 1834 25

435 1890 589 1924 LIBER
617 1889 898 1924 SECUNDUS.

153 1964 321 2008 Prologus
412 1985 424 1992 -
551 1983 564 1990 —
589 1966 632 1997 27
709 1965 732 1997 4
755 1963 871 1997 Caesas
888 1963 930 1996 ad
948 1963 1141 1998 Atriensem
1155 1984 1168 1990 -
1192 1968 1231 1998 31

113 2013 127 2044 l
153 2010 336 2050 JuvencuS,
396 2011 478 2051 Leo,
525 2011 566 2044 'et
709 2013 730 2044 5
757 2010 890 2053 Aquila,
940 2009 1078 2051 Cornix,
1134 2017 1168 2043 et

200 2056 379 2091 Praedator
424 2078 438 2085 -
552 2076 566 2082 -
590 2058 634 2089 28
802 2055 956 2088 Testudo
1049 2076 1064 2083 -
1156 2076 1168 2082 -
1194 2060 1238 2090 34

110 2105 130 2135 2
156 2102 272 2136 Homo
290 2109 324 2136 et
343 2102 444 2136 Canis
553 2122 567 2129 -
590 2105 634 2135 29
710 2104 730 2134 6
756 2101 843 2134 Muli
855 2109 889 2135 et
907 2101 1073 2135 Latrones
1155 2122 1169 2128 -
1193 2106 1237 2136 35

110 2151 131 2182 3
157 2149 291 2194 Aquila,
362 2148 461 2188 Felis,
532 2154 566 2183 et
711 2150 730 2180 7
758 2148 887 2181 Cervus
905 2154 940 2181 et
957 2148 1070 2182 Boves
1157 2168 1170 2174 -
1194 2152 1237 2182 36

202 2197 295 2240 Aper
362 2215 375 2221 -
554 2214 568 2221 -
591 2197 635 2228 29
755 2193 921 2238 Epilogus
1013 2213 1027 2220 -
1157 2213 1171 2220 -
1195 2197 1237 2227 37
