1503 2532
250 174 288 214 iv
747 187 900 214 mnizx.

616 332 770 366 LIBER
797 331 1026 366 TERTIUS.

251 406 333 440 Fab.
719 405 802 449 Pag.
856 405 939 438 Fab.
1322 404 1402 449 Pag-

320 451 488 495 Prologus
579 470 593 477 -
721 471 737 478 -
759 454 804 484 40
860 455 900 485 10
925 451 1045 484 Pullus
1062 457 1096 484 et
1114 450 1295 495 Margarita
1325 471 1340 477 -
1362 453 1407 484 55

277 501 292 531 1
321 500 419 531 Anus
436 503 472 530 et
491 496 666 541 Amphora
722 517 738 524 -
760 498 805 530 44
862 500 897 530 ll
926 499 1020 541 Apes
1045 502 1079 530 et
1103 496 1198 536 Fuci,
1223 496 1341 541 Vespa

273 547 294 577 2
321 543 496 577 Panthera
513 549 547 576 et
573 543 736 577 Pastores
760 545 804 576 45
969 542 1092 576 Judice
1183 563 1198 569 -
1327 562 1341 569 -
1365 546 1409 577 55

273 593 295 623 3
324 589 419 624 Simii
437 589 550 633 Caput
596 609 610 616 -
723 609 738 615 -
760 591 804 623 46
833 603 834 606 ¹
862 592 902 622 12
928 589 1080 633 AEsopus
1098 588 1219 622 ludens
1327 609 1341 615 -
1365 592 1409 622 56

273 638 295 669 4
322 636 474 680 AEsopus
507 641 546 677 et*
571 634 736 669 Petulans
761 637 804 669 46
862 638 901 669 13
929 635 1053 668 Cicada
1070 641 1105 668 et
1123 635 1261 668 Noctua
1328 654 1342 661 -
1365 636 1408 668 57

273 686 295 716 5
322 682 444 714 Musca
460 687 495 714 et
514 680 609 714 Mula
723 701 738 708 -
760 683 805 714 47
863 683 902 714 14
928 682 1079 714 Arbores
1119 681 1154 714 in
1190 680 1342 715 Deorum

275 730 294 760 6
324 727 426 760 Canis
443 734 479 760 et
498 726 615 771 Lupus
723 747 737 755 -
761 729 806 761 48
973 727 1096 760 Tutela
1188 746 1202 752 -
1328 747 1342 754 -
1366 729 1410 759 58

275 776 295 806 ’7
322 773 442 806 Frater
459 779 494 807 et
515 774 620 806 Soror
723 793 738 800 -
761 775 806 806 49
863 776 902 806 15
927 773 1019 806 Juno
1036 779 1071 806 et
1088 772 1185 807 Pavo
1224 793 1238 800 -
1329 793 1343 800 -
1366 776 1410 806 59

275 822 296 851 8
325 818 475 852 Socratis
493 819 633 852 Dictum
724 838 739 845 -
762 822 806 853 50
864 822 902 852 16
928 819 1081 863 AEsopus
1113 825 1148 852 et
1176 818 1342 853 Garrulus
1367 820 1410 852 60

275 869 295 898 9
322 865 377 899 De
415 865 552 899 credere
591 873 626 899 et
669 876 738 898 non

367 911 504 946 credere
595 931 609 937 -
724 931 739 938 -
763 913 803 944 51

623 1008 777 1043 LIBER
803 1009 1056 1048 QUARTUS.

323 1083 491 1127 Prologus
584 1103 598 1110 -
723 1102 738 1109 ·
764 1085 806 1116 62
863 1085 903 1116 10
930 1082 1098 1116 Hercules
1115 1089 1150 1117 et
1167 1081 1291 1116 Plutus
1329 1103 1343 1109 -
1367 1085 1407 1116 71

281 1134 295 1164 1
324 1129 474 1163 Mustela
490 1135 526 1162 et
545 1128 661 1162 Mures
725 1149 740 1156 -
763 1132 807 1163 63
863 1131 899 1162 ll
930 1129 1077 1173 Capellae
1094 1135 1128 1162 et
1146 1128 1245 1162 Hirci
1328 1148 1343 1155 —
1367 1131 1407 1162 71

276 1181 296 1210 2
325 1176 457 1220 Vulpes
475 1181 509 1208 et
528 1174 606 1208 Uva
724 1194 739 1201 -
763 1178 808 1208 63
864 1178 903 1208 12
929 1175 1148 1208 Gubernator
1165 1181 1199 1208 et
1217 1174 1342 1209 Nautae
1367 1177 1410 1208 72

276 1225 297 1255 3
324 1222 445 1266 Equus
463 1227 498 1255 et
517 1220 633 1254 Homo
725 1240 741 1248 -
764 1223 808 1254 64
863 1224 903 1254 13
929 1221 1045 1254 Homo
1064 1228 1098 1255 et
1118 1221 1267 1254 Colubra
1328 1241 1342 1247 -
1367 1223 1410 1254 73

276 1271 299 1302 4
323 1268 444 1310 Pugna
497 1266 649 1300 Murium
704 1273 739 1300 et
864 1269 903 1300 14
929 1267 1061 1311 Vulpes
1078 1274 1113 1301 et
1131 1267 1244 1300 Draco
1328 1286 1342 1294 ·
1366 1269 1410 1299 73

371 1313 595 1346 Mustelarum
725 1333 741 1340 -
764 1315 809 1347 64
863 1316 902 1346 15
928 1313 1096 1347 Phaedrus
1129 1313 1172 1346 de
1205 1312 1341 1346 Fabulis
1366 1315 1410 1345 '75

278 1365 299 1394 5
326 1360 496 1393 Phaedrus
529 1358 562 1392 in
596 1358 740 1392 Fabula-
864 1362 902 1393 16
928 1359 1145 1403 Naufragium
1162 1358 1342 1392 Simonidis
1366 1361 1410 1391 75

368 1417 442 1439 rum
462 1405 629 1438 Censores
726 1425 740 1432 -
765 1409 808 1439 65
863 1407 902 1438 17
929 1405 1031 1439 Mons
1051 1405 1249 1438 Parturiens
1328 1424 1341 1431 -
1365 1407 1408 1437 77

276 1457 296 1486 6
324 1452 453 1496 Vipera
469 1458 504 1485 et
523 1451 619 1484 Lima
726 1471 741 1478 -
764 1454 808 1484 68
864 1454 902 1484 18
928 1450 1084 1485 Formica
1101 1458 1135 1485 et
1154 1451 1275 1484 Musca
1329 1470 1343 1477 -
1367 1452 1409 1483 77

277 1502 297 1531 7
324 1498 457 1542 Vulpes
475 1503 510 1530 et
528 1497 655 1530 Hircus
726 1517 741 1524 -
764 1500 808 1530 69
862 1501 902 1531 19
931 1497 1121 1531 Simonides
1139 1509 1159 1530 a
1176 1497 1252 1530 Diis
1273 1508 1342 1530 ser-

277 1548 298 1578 8
324 1544 380 1577 De
414 1542 516 1576 Vitiis
551 1542 739 1575 Hominum
764 1547 808 1576 69
972 1551 1072 1577 vatus
1176 1563 1190 1570 -
1327 1562 1340 1569 -
1365 1545 1408 1575 78

277 1595 298 1623 9
326 1590 394 1623 Fur
420 1591 523 1622 Aram
556 1588 738 1632 compilans
765 1591 808 1622 70
927 1589 1091 1633 Epilogus
1184 1608 1197 1615 -
1325 1607 1339 1615 -
1363 1591 1407 1621 80

645 1687 796 1721 LIBER
824 1687 1063 1726 QUINTUS.

325 1761 493 1806 Prologus
601 1781 616 1788 -
722 1779 737 1786 —
760 1763 804 1793 83
878 1764 900 1793 5
925 1759 1006 1794 Duo
1025 1759 1119 1794 Calvi
1211 1780 1225 1786 -
1326 1779 1340 1786 -
1365 1762 1408 1793 90

282 1813 295 1842 l
324 1807 519 1842 Demetrius
536 1814 571 1841 et
596 1806 737 1840 Menan·
880 1810 900 1838 6
927 1805 1090 1850 Princeps
1110 1805 1247 1840 Tibicen
1325 1822 1340 1829 ·
1364 1809 1408 1839 90

370 1854 429 1888 der
566 1874 580 1880 -
723 1873 737 1879 -
761 1855 806 1886 85
881 1854 900 1885 7
928 1851 1072 1886 Occasio
1091 1852 1224 1896 depicta
1325 1870 1340 1878 -
1363 1854 1408 1885 93

279 1904 298 1934 2
327 1900 451 1934 Calvus
469 1906 504 1934 et
523 1900 645 1933 Musca
724 1919 739 1926 -
762 1902 805 1932 86
881 1901 901 1931 8
929 1898 1059 1931 Taurus
1077 1906 1112 1931 et
1130 1897 1269 1931 Vitulus
1325 1917 1338 1925 ·
1364 1900 1407 1931 93

278 1951 299 1981 3
325 1946 442 1980 Homo
459 1952 494 1979 et
513 1945 640 1979 Asinus
725 1965 739 1971 -
763 1946 805 1977 87
883 1947 903 1977 9
929 1944 1084 1978 Venator
1100 1951 1133 1978 et
1153 1944 1253 1978 Canis
1326 1964 1339 1971 -
1364 1947 1408 1977 93

277 1995 300 2027 4
328 1993 450 2026 Scurra
465 1998 499 2026 et
517 1991 680 2025 Rusticus
727 2011 741 2018 -
764 1993 807 2024 87
835 1986 841 2025 Ι
