1503 2532
482 223 613 250 LIBER
645 221 852 253 QUINTUS.
1189 208 1244 244 93

472 366 721 408 FABULA
753 365 855 406 VII.

461 465 638 494 OCCASIO
672 463 867 490 DEPICTA.

91 551 241 592 CURSU
264 549 418 590 volucri
439 548 620 604 pendens
642 548 683 587 in
705 544 917 594 novacula,

90 625 250 674 Calvus,
273 623 432 665 comosa
454 623 599 672 fronte,
623 622 734 662 nudo
756 635 937 675 corpore,

89 701 224 747 Quem
245 701 278 741 si
300 699 523 753 occuparis,
547 708 697 746 teneas,
721 697 902 752 elapsum
925 695 1048 737 semel

90 775 184 816 Non
205 776 290 830 ipse
311 776 437 830 possit
457 775 620 829 Jupiter
641 772 954 827 reprehendere,

1219 851 1242 887 <51

91 851 356 892 Occasionem
377 865 514 891 rerum
535 849 738 905 significat
759 849 936 889 brevem.

91 926 271 967 Effectus
293 926 509 981 impediret
530 941 581 966 ne
602 926 735 981 segnis
757 940 883 973 mora,

92 1000 269 1041 Finxere
289 1002 447 1057 antiqui
469 1000 591 1041 talem
613 1001 787 1056 effigiem
809 1000 1013 1054 temporis.

464 1137 712 1179 FABULA
745 1138 868 1178 VIII.

422 1245 594 1272 TAURUS
626 1245 680 1272 ET
710 1245 907 1271 VITULUS·

93 1327 303 1366 ANGUSTO
327 1326 367 1365 iu
391 1325 505 1366 aditu
526 1335 667 1366 taurus
688 1325 846 1366 luctans
868 1326 1071 1374 cornibus,

93 1402 198 1443 Cfim
222 1402 289 1442 vix
310 1402 462 1442 intrare
482 1411 616 1456 posset
637 1402 689 1442 ad
709 1402 919 1456 praesepia,

94 1477 354 1518 Monstrabat
374 1477 537 1526 vitulus,
561 1492 642 1533 quo
664 1493 705 1518 se
726 1488 844 1532 pacto
866 1478 1083 1533 plecteret:
1195 1481 1243 1517 10

94 1558 120 1577 “
135 1553 256 1601 Tace,
266 1554 288 1570 '’
304 1553 460 1608 inquit3
484 1553 610 1594 “ante
624 1554 700 1595 hoc
715 1555 823 1603 novi,
840 1553 963 1610 quam
979 1564 1023 1595 tu
1033 1565 1151 1595 natus
1165 1555 1245 1595 es.”

151 1628 235 1675 Qui
256 1629 480 1670 doctiorem
500 1630 703 1679 emendat,
726 1630 803 1670 sibi
824 1631 903 1671 dici
926 1640 1055 1685 putet.

485 1768 734 1809 FABULA
774 1769 855 1810 IX.

442 1868 646 1895 VENATOR
678 1869 730 1895 ET
762 1870 897 1898 CANIS.

99 1951 332 1992 ADVERSUS
353 1964 490 1992 omnes
511 1951 626 1993 fortis
647 1952 804 1993 veloces
825 1953 941 2002 feras,

147 2053 159 2083 l
189 2051 292 2083 Cursu
314 2049 443 2090 volucri,
467 2050 533 2083 and
556 2062 649 2096 pass·
747 2054 786 2085 10
805 2052 875 2090 Quo
885 2055 994 2096 pacm,
1006 2051 1038 2085 in
1053 2051 1144 2086 what
1157 2062 1233 2085 man

98 2096 154 2140 ing
170 2107 215 2129 on
234 2095 314 2129 with
331 2095 486 2140 rapidity.
695 2108 767 2131 ner.

145 2142 304 2181 pendens,
340 2141 399 2175 the
438 2148 648 2186 representa·
745 2147 785 2177 12
810 2145 913 2177 Putet
930 2158 940 2177 .·
964 2144 1022 2178 hoc
1060 2143 1087 2176 is
1128 2142 1249 2177 under·

99 2186 171 2222 tion
188 2187 228 2222 of
238 2199 258 2221 a
273 2199 396 2233 person
414 2188 579 2232 standing.
694 2190 807 2224 stood.
