1503 2532
204 179 250 214 lO

542 189 715 216 PHAEDRl
752 184 1021 216 FABULARCM

199 300 403 354 Gulaeque
424 298 594 340 credens
615 299 706 340 colli
729 299 1042 354 longitudinem,

201 373 478 414 Periculosam
499 372 595 414 fecit
614 374 858 414 medicinam
879 374 976 429 lupo
993 406 1002 422 ,

198 449 280 490 Pro
302 464 383 504 quo
405 447 499 489 cum
519 458 684 504 pactum
704 449 909 504 flagitaret
929 450 1159 504 praemium,

197 529 221 547 “
242 523 410 578 Ingrata
430 523 509 571 es‚’'
532 523 679 578 inquit,
706 527 816 563 “ore
838 537 931 578 quae
952 532 1091 563 nostro
1113 533 1234 578 caput

198 596 407 636 Incolume
428 596 656 645 abstuleris,
679 607 719 636 et
742 597 970 638 mercedem
992 598 1206 653 postules.”
1323 616 1348 639 o

574 874 819 915 FABULA
851 874 974 915 VIII.

564 1019 718 1046 PAssER
750 1019 802 1046 Εἰ·
832 1019 978 1047 LEPtts.

197 1137 289 1177 Slssl
313 1150 396 1175 non
419 1149 572 1181 cavere,
598 1144 636 1174 et
658 1134 745 1174 aliis
767 1134 981 1174 consilium
1001 1135 1111 1184 dare,

197 1212 378 1252 Stultum
400 1225 496 1258 esse,
520 1211 657 1264 paucis
679 1210 939 1251 ostendamus
960 1212 1156 1252 versibus.

252 1289 503 1342 Oppressum
526 1287 578 1326 ab
599 1284 748 1341 aquila,
772 1286 890 1326 fletus
912 1287 1102 1327 edentem
1122 1302 1278 1343 graves,

194 1364 399 1417 Leporem
421 1361 666 1416 objurgabat
687 1376 845 1416 passer3
870 1362 993 1403 “Ubi
1014 1363 1230 1416 pernicitas
1273 1367 1348 1415 [10

195 1439 343 1486 Nota,''
358 1438 504 1492 inquit,
526 1436 629 1476 “illa
641 1435 731 1476 est?
751 1437 852 1492 quid
869 1438 925 1478 ita
941 1437 1151 1478 cessarunt
1164 1439 1287 1493 pedes
1300 1438 1350 1479 ?''

193 1513 307 1552 Dum
327 1511 522 1566 loquitur,
546 1510 678 1564 ipsum
700 1510 892 1565 accipiter
913 1525 988 1551 nec
1009 1512 1178 1566 opinum
1199 1514 1316 1567 rapit,

194 1587 438 1641 Questuque
458 1600 563 1625 vano
585 1584 859 1625 clamitantem
884 1585 1092 1626 interficit.

194 1663 332 1717 Lepus
355 1661 616 1702 semianimus
640 1661 778 1700 mortis
800 1661 843 1700 in
864 1660 1007 1701 solatio
1020 1677 1031 1710 3

243 1809 254 1838 ]
281 1806 396 1839 Gzelae:
411 1807 479 1849 lupi
492 1805 519 1838 is
532 1805 611 1838 here
626 1805 746 1837 under-

192 1852 304 1885 stood.

239 1898 318 1930 Colli
334 1897 569 1940 longitudinem,
588 1896 649 1928 her
668 1895 747 1938 long

191 1944 288 1977 neck.

237 1993 257 2023 2
284 1989 510 2027 Pmicucosam,
556 1987 744 2031 dangerous

191 2045 227 2070 to
244 2034 378 2069 herself.

238 2081 447 2119 Alledicinam,
465 2091 485 2113 a
501 2090 590 2112 cure.

235 2131 258 2162 4
283 2128 414 2170 Inquit:
432 2127 527 2169 lupus
544 2125 571 2158 is
589 2125 669 2158 here
687 2136 747 2157 un-

193 2173 366 2208 derstood.

237 2224 257 2253 6
283 2220 347 2252 Sibi
385 2230 448 2250 non
479 2217 535 2255 ᾇτ’.
568 2216 626 2249 the
667 2227 746 2248 con-

192 2265 377 2305 structi0n3
405 2265 614 2296 Ustendamus
631 2264 746 2305 pauc-is

793 1804 929 1835 versibus
957 1816 1024 1836 esse
1048 1805 1178 1836 stallum
1209 1817 1269 1837 non
1296 1819 1348 1837 ca-

792 1861 865 1881 vere
901 1849 967 1889 sibi,
1000 1854 1032 1882 et
1072 1851 1150 1882 [lare
1188 1852 1346 1884 consilium

792 1896 873 1927 aliis.

840 1941 904 1974 Sibi
921 1952 981 1972 non
1000 1953 1122 1981 carere,
1140 1949 1201 1975 not
1219 1948 1255 1975 to
1269 1942 1346 1975 take

792 1998 868 2020 care
885 1985 926 2019 of
937 1987 1120 2021 ourselves.

844 2036 882 2066 10
909 2034 1089 2072 cessarunt,
1101 2046 1121 2067 a
1135 2033 1346 2067 contractiori

792 2079 832 2112 of
846 2085 1057 2112 cessavemnt.

844 2128 883 2158 13
908 2125 1045 2168 Lepus:
1070 2126 1115 2157 ait
1135 2125 1163 2158 is
1180 2125 1260 2158 here
1285 2136 1345 2156 un-

793 2171 967 2205 derstood.

843 2217 963 2250 Mortis
988 2217 1018 2248 in
1040 2217 1162 2256 solatio,
1176 2226 1212 2248 as
1251 2226 1344 2248 some

793 2263 1004 2297 consolation
1023 2263 1056 2295 in
1074 2263 1115 2296 its
1133 2272 1211 2295 own
1230 2260 1342 2295 death.
