1503 2532
517 226 648 254 mmm
680 226 918 255 SECUNDUS.
1237 213 1292 252 37

151 342 236 384 Nec
258 343 325 384 ille
345 343 570 399 quidquam
591 344 724 385 sentit.
786 343 897 384 Tum
917 342 1098 398 gaudens
1119 341 1227 382 ferus

150 420 288 460 Bobus
309 420 455 475 quietis
475 435 595 476 agere
615 420 739 475 coepit
759 420 922 476 gratias,

151 494 388 549 Hospitium
408 495 576 536 adverso
597 494 709 550 quod
729 495 994 550 praestiterint
1016 504 1209 549 tempore.

152 569 380 624 Respondit
400 585 517 619 unus,
542 575 568 594 “
585 570 751 611 Salvum
773 580 812 610 te
832 570 1017 625 cupimus
1038 569 1226 625 quidem3

153 645 233 685 Sed
255 644 334 692 ille,
357 645 427 699 qui
447 645 584 685 oculos
605 654 769 685 centum
792 644 926 693 habet,
951 646 982 685 si
1004 647 1171 693 venerit,
1272 652 1296 688 5

152 719 308 775 Magno
330 721 372 760 in
392 720 542 775 periclo
564 721 646 761 vita
666 731 849 761 versatur
870 723 982 761 tua.''

153 795 256 835 Haec
277 795 382 835 inter
404 796 488 850 ipse
507 795 695 836 dominus
716 810 740 836 a
759 795 875 836 coenfi
897 796 1002 837 redit
1014 813 1024 846 3

154 869 208 910 Et
229 871 325 925 quia
344 881 554 925 corruptos
575 870 731 911 viderat
751 885 882 925 nuper
903 871 1036 920 boves,

153 944 326 984 Accedit
345 944 397 984 ad
417 959 620 999 praesepe3
654 949 679 968 “
695 944 781 984 Cur
802 943 955 985 frondis
977 944 1122 1000 parum
1143 947 1232 988 est?

157 1020 389 1060 Stramenta
409 1020 566 1060 desunt.
627 1019 793 1060 Tollere
812 1020 900 1061 haec
920 1036 1067 1063 aranea
1253 1027 1301 1064 10

156 1093 369 1140 Quantum
389 1103 448 1133 est
468 1093 616 1133 laboris
629 1092 674 1132 '?''
707 1093 820 1133 Dum
842 1104 1044 1136 scrutatur
1065 1097 1236 1153 singula,

155 1168 277 1209 Cervi
298 1182 459 1223 quoque
479 1167 560 1208 alta
580 1177 639 1208 est
659 1169 911 1222 conspicatus
931 1185 1105 1220 cornum

157 1241 293 1289 Quem
314 1240 533 1282 convocat&
548 1241 668 1295 jubet
688 1240 815 1281 occidi
836 1241 1000 1291 familiai,

159 1316 433 1370 Praedamque
453 1314 570 1355 tollit.
634 1313 737 1354 Haec
764 1315 965 1370 significat
986 1316 1132 1366 fabula,

159 1391 387 1431 Dominum
407 1388 544 1428 videre
564 1386 789 1442 pluriQO
809 1388 851 1427 in
873 1389 992 1428 rebus
1013 1391 1106 1430 suis.
1262 1396 1305 1432 15

575 1535 896 1577 EPILOGUS.

163 1629 328 1670 AEsopo
350 1628 557 1682 ingentem
578 1634 753 1665 statuam
773 1626 945 1680 posuere.
966 1629 1107 1677 Attici,

206 1745 226 1774 ρ
254 1741 358 1783 Agere
391 1738 526 1782 gratias,
563 1743 599 1769 to
639 1735 714 1780 give
763 1738 999 1779 understood3
1025 1752 1113 1775 were
1139 1743 1170 1775 in
1191 1755 1209 1776 a
1239 1744 1310 1777 leun

161 1786 297 1821 thanks.
764 1784 950 1819 condition.

207 1850 228 1880 3
254 1847 392 1879 Adverso
409 1849 560 1889 tempore,
577 1843 611 1877 in
633 1843 714 1877 time
810 1834 830 1863 9
857 1832 938 1863 Gur:
965 1833 1065 1876 inquit
1090 1833 1117 1867 iS
1146 1834 1226 1868 herc
1254 1848 1312 1869 un-

162 1892 202 1926 of
214 1892 365 1925 distress.
763 1876 938 1910 derstood.
1284 1929 1288 1933 .

208 1947 231 1978 4
257 1945 408 1976 Salvum:
438 1954 506 1976 esse
537 1943 565 1977 is
594 1943 717 1976 under·
814 1925 850 1955 ll
884 1924 1045 1960 Quantum
1091 1930 1139 1958 ⁶⁸5
1190 1927 1313 1978 {0b(2m›

164 1990 277 2025 stood·
765 1968 857 2002 what
883 1969 965 2003 hard
983 1970 1100 2004 labour
1117 1983 1177 2006 can
1195 1980 1221 2006 η
1243 1974 1312 2006 be?

812 2018 850 2048 15
879 2016 988 2049 Videre
992 2017 1166 2060 plurimam
1180 2020 1209 2050 in
1221 2019 1312 2052 rebus

764 2062 838 2100 suis,
856 2062 884 2094 is
900 2070 989 2095 most
1017 2063 1251 2108 sharpsighted
1278 2064 1311 2097 in

765 2107 817 2141 his
833 2119 910 2142 own
924 2108 1045 2143 affairs.

210 2048 230 2077 6
262 2044 421 2082 Versatur,
438 2042 466 2076 is
482 2042 610 2087 placed.

213 2101 232 2130 7
260 2098 353 2130 Inter
369 2097 448 2135 haec,
466 2095 578 2129 whilst
595 2095 638 2129 he
651 2107 719 2129 was

166 2143 338 2190 speaking.
817 2156 855 2187 16
881 2155 930 2187 AE
947 2167 1019 2199 opo,
1048 2156 1081 2188 in
1107 2156 1240 2189 honour
1275 2156 1316 2188 of

212 2209 232 2238 8
260 2206 453 2246 Corruptos:
487 2216 553 2236 esse
577 2203 606 2236 is
642 2202 723 2237 here
768 2199 888 2244 AEsop-
