1503 2532
248 185 304 222 &6
584 193 761 220 Pflffinm
795 192 1066 220 FABULARUM

252 304 479 360 Unguento
500 303 718 351 delibutus,
741 303 887 343 vestitu
907 302 1089 352 affluens,

250 380 454 421 Veniebat
473 394 614 435 gressu
634 379 807 420 delicato
828 388 869 419 et
888 379 1106 435 languido:

251 455 378 496 Hunc
400 455 471 495 ubi
492 464 689 510 tyrannus
711 455 814 495 vidit
834 464 1017 495 extremo
1037 456 1213 510 agmine,

252 536 278 556 ‘⁶
301 530 590 571 Effoeminatus
613 531 713 585 quid
733 530 799 571 hic
820 531 863 570 in
885 540 1104 585 conspectu
1126 545 1216 571 meo

250 606 392 647 Audet
413 605 618 647 venire?''
655 606 974 661 Responderunt
995 606 1186 661 proximi,
1380 610 1404 645 5

251 688 278 707 ‘⁶
302 682 384 724 Hic
406 692 466 723 est
488 682 722 723 Menander
742 683 928 736 scriptor.
942 683 964 700 '’
1026 681 1214 722 Mutatus
1236 682 1384 729 statim,

251 758 483 814 Compellat
503 759 712 800 hominem
732 757 898 807 blande,
921 758 1191 813 dextramque
1211 758 1366 811 arripit.

658 890 907 932 FABULA
941 890 998 931 ΙΙ.

610 1000 770 1027 CALVUS
801 1000 856 1026 ET
887 999 1044 1027 MUSCA.

260 1090 396 1131 CALw
419 1089 641 1130 momordit
661 1104 798 1129 musca
818 1089 1019 1129 nudatum
1041 1099 1175 1142 caput,

254 1165 391 1213 Quam
405 1163 636 1218 opprimere
645 1172 823 1217 captans,
838 1162 997 1216 alapam
1012 1161 1215 1202 sibiduxit
1228 1176 1405 1217 gravem.

254 1240 376 1281 Tunc
392 1238 462 1278 issa
482 1238 668 1286 irridens,
686 1242 710 1261 ‘⁶
727 1237 934 1277 Punctum
954 1236 1129 1277 volucris
1151 1237 1332 1291 parvulae
1357 1240 1406 1276 10

253 1315 432 1357 Voluisti
453 1325 583 1355 morte
603 1313 766 1354 ulcisci:
799 1313 899 1369 quid
920 1312 1040 1354 facies
1058 1313 1144 1361 tibi,

255 1392 426 1447 Injuriae
449 1391 519 1446 qui
539 1390 746 1431 addideris
767 1388 1087 1430 contumeliam?
1102 1389 1124 1405 '²

257 1465 500 1520 Respondit,
527 1468 553 1488 ‘⁶
569 1463 739 1504 Mecum
759 1461 877 1503 facile
898 1462 1020 1503 redeo
1042 1462 1085 1502 in
1105 1462 1292 1517 gratiam,

257 1542 368 1589 Quia
388 1556 471 1581 non
493 1539 615 1580 fuisse
636 1549 814 1579 mentem
835 1537 1013 1578 laedendi
1035 1538 1139 1578 scio:

260 1615 343 1656 Sed
363 1625 415 1663 te,
439 1613 661 1667 contempti
682 1611 841 1667 generis
862 1610 1013 1651 animal
1036 1611 1280 1666 improbum,
1359 1614 1409 1652 15

260 1692 366 1739 Quae
388 1688 600 1730 delectaris
621 1687 763 1728 bibere
782 1686 1008 1726 humanum
1029 1686 1282 1741 sanguinem,

260 1769 410 1822 Optem
434 1779 579 1806 necare
599 1763 663 1803 vel
684 1763 838 1817 majore
858 1760 1127 1802 incommodo.
1143 1761 1165 1778 '’

318 1843 411 1883 Hoc
431 1848 721 1896 argumentum
741 1838 902 1878 veniam
923 1833 1052 1891 magis
1073 1835 1161 1875 dari
1183 1835 1314 1885 docet,

304 1950 324 1980 9
351 1945 414 1979 Sibi
429 1945 528 1983 duxit,
544 1953 627 1986 gave
643 1938 788 1974 himself.
905 1940 946 1971 18
969 1937 1075 1970 Dari.-
1093 1939 1122 1970 ei
1138 1936 1165 1970 is
1190 1937 1270 1972 here
1291 1939 1413 1973 under-

309 1996 349 2026 10
379 1991 516 2024 Voluerz's
543 1988 704 2032 parvulae,
728 1985 769 2019 of
792 1997 813 2019 a
859 1983 973 2017 stood.
1059 2025 1062 2029 ,

260 2038 355 2075 small
370 2037 427 2082 fly.
901 2029 1016 2074 Magis
1029 2029 1111 2064 does
1128 2036 1188 2064 not
1206 2041 1297 2064 scan.
1339 2030 1412 2064 The

310 2088 348 2119 17
381 2083 436 2116 Vel
465 2083 584 2125 majore
608 2078 812 2116 incommodo,
860 2075 970 2109 critics
996 2087 1142 2121 propose
1171 2075 1305 2110 various
1339 2087 1412 2110 cor.

260 2143 346 2166 even
378 2136 414 2163 at
452 2128 511 2162 the
543 2136 690 2170 expense
722 2123 762 2157 of
795 2135 815 2157 a
861 2123 1020 2156 rections.

260 2184 392 2222 greater
453 2172 715 2208 inconvenience
777 2176 815 2204 to

261 2222 392 2267 myself.
