<?xml version="1.0" encoding="UTF-8"?>
<!DOCTYPE html PUBLIC "-//W3C//DTD XHTML 1.0 Transitional//EN"
    "http://www.w3.org/TR/xhtml1/DTD/xhtml1-transitional.dtd">
<html xmlns="http://www.w3.org/1999/xhtml" xml:lang="en" lang="en">
 <head>
  <title>
</title>
<meta http-equiv="Content-Type" content="text/html;charset=utf-8" />
  <meta name='ocr-system' content='tesseract 3.04.00' />
  <meta name='ocr-capabilities' content='ocr_page ocr_carea ocr_par ocr_line ocrx_word'/>
</head>
<body>
  <div class='ocr_page' id='page_1' title='image "./fabulaeinusumsch00phaeuoft_0077.png"; bbox 0 0 1503 2532; ppageno 0'>
   <div class='ocr_carea' id='block_1_1' title="bbox 482 215 1253 254">
    <p class='ocr_par' dir='ltr' id='par_1_1' title="bbox 482 215 1253 254">
     <span class='ocr_line' id='line_1_1' title="bbox 482 215 1253 254; baseline 0.006 -7"><span class='ocrx_word' id='word_1_1' title='bbox 482 220 616 248; x_wconf 84' lang='lat' dir='ltr'><strong>LIBER</strong></span> <span class='ocrx_word' id='word_1_2' title='bbox 646 221 858 254; x_wconf 75' lang='lat' dir='ltr'>QUARTUS.</span> <span class='ocrx_word' id='word_1_3' title='bbox 1207 215 1253 252; x_wconf 87' lang='grc'>71</span> 
     </span>
    </p>
   </div>
   <div class='ocr_carea' id='block_1_2' title="bbox 104 335 1039 607">
    <p class='ocr_par' dir='ltr' id='par_1_2' title="bbox 104 335 1039 607">
     <span class='ocr_line' id='line_1_2' title="bbox 108 335 1039 394; baseline 0.006 -19"><span class='ocrx_word' id='word_1_4' title='bbox 108 335 321 390; x_wconf 83' lang='lat' dir='ltr'>Significat</span> <span class='ocrx_word' id='word_1_5' title='bbox 339 335 485 391; x_wconf 76' lang='lat' dir='ltr'>primo,</span> <span class='ocrx_word' id='word_1_6' title='bbox 508 353 628 393; x_wconf 85' lang='lat' dir='ltr'>saepe,</span> <span class='ocrx_word' id='word_1_7' title='bbox 651 353 752 393; x_wconf 90' lang='lat' dir='ltr'>quos</span> <span class='ocrx_word' id='word_1_8' title='bbox 773 340 858 394; x_wconf 89' lang='lat' dir='ltr'>ipse</span> <span class='ocrx_word' id='word_1_9' title='bbox 878 339 1039 388; x_wconf 83' lang='lat' dir='ltr'>alueris,</span> 
     </span>
     <span class='ocr_line' id='line_1_3' title="bbox 104 411 853 457; baseline 0.007 -6"><span class='ocrx_word' id='word_1_10' title='bbox 104 411 202 452; x_wconf 84' lang='lat' dir='ltr'>Tibi</span> <span class='ocrx_word' id='word_1_11' title='bbox 222 412 395 453; x_wconf 90' lang='lat' dir='ltr'>inveniri</span> <span class='ocrx_word' id='word_1_12' title='bbox 415 414 593 455; x_wconf 70' lang='lat' dir='ltr'>maxime</span> <span class='ocrx_word' id='word_1_13' title='bbox 614 416 853 457; x_wconf 85' lang='lat' dir='ltr'>contrarios.</span> 
     </span>
     <span class='ocr_line' id='line_1_4' title="bbox 104 485 971 538; baseline 0.008 -12"><span class='ocrx_word' id='word_1_14' title='bbox 104 485 332 529; x_wconf 70' lang='lat' dir='ltr'>Novissime</span> <span class='ocrx_word' id='word_1_15' title='bbox 353 489 573 538; x_wconf 83' lang='lat' dir='ltr'>interdicit,</span> <span class='ocrx_word' id='word_1_16' title='bbox 595 504 648 531; x_wconf 89' lang='lat' dir='ltr'>ne</span> <span class='ocrx_word' id='word_1_17' title='bbox 669 505 763 531; x_wconf 86' lang='lat' dir='ltr'>cum</span> <span class='ocrx_word' id='word_1_18' title='bbox 786 491 971 533; x_wconf 84' lang='lat' dir='ltr'>malefico</span> 
     </span>
     <span class='ocr_line' id='line_1_5' title="bbox 105 561 845 607; baseline 0.005 -5"><span class='ocrx_word' id='word_1_19' title='bbox 105 561 237 602; x_wconf 83' lang='lat' dir='ltr'>Usum</span> <span class='ocrx_word' id='word_1_20' title='bbox 258 563 389 606; x_wconf 88' lang='lat' dir='ltr'>bonus</span> <span class='ocrx_word' id='word_1_21' title='bbox 408 565 612 606; x_wconf 86' lang='lat' dir='ltr'>consociet</span> <span class='ocrx_word' id='word_1_22' title='bbox 628 565 752 607; x_wconf 86' lang='lat' dir='ltr'>ullius</span> <span class='ocrx_word' id='word_1_23' title='bbox 772 567 845 606; x_wconf 87' lang='lat' dir='ltr'>rei.</span> 
     </span>
    </p>
   </div>
   <div class='ocr_carea' id='block_1_3' title="bbox 506 721 845 764">
    <p class='ocr_par' dir='ltr' id='par_1_3' title="bbox 506 721 845 764">
     <span class='ocr_line' id='line_1_6' title="bbox 506 721 845 764; baseline 0.006 -2"><span class='ocrx_word' id='word_1_24' title='bbox 506 721 754 764; x_wconf 88' lang='lat' dir='ltr'><strong>FABULA</strong></span> <span class='ocrx_word' id='word_1_25' title='bbox 788 723 845 764; x_wconf 92' lang='lat' dir='ltr'>X.</span> 
     </span>
    </p>
   </div>
   <div class='ocr_carea' id='block_1_4' title="bbox 412 826 937 858">
    <p class='ocr_par' dir='ltr' id='par_1_4' title="bbox 412 826 937 858">
     <span class='ocr_line' id='line_1_7' title="bbox 412 826 937 858; baseline 0.008 -5"><span class='ocrx_word' id='word_1_26' title='bbox 412 826 640 855; x_wconf 81' lang='lat' dir='ltr'><strong>HERCULES</strong></span> <span class='ocrx_word' id='word_1_27' title='bbox 670 829 725 855; x_wconf 81' lang='lat' dir='ltr'>ET</span> <span class='ocrx_word' id='word_1_28' title='bbox 758 830 937 858; x_wconf 84' lang='lat' dir='ltr'><strong>PLUTUS.</strong></span> 
     </span>
    </p>
   </div>
   <div class='ocr_carea' id='block_1_5' title="bbox 95 911 1250 1499">
    <p class='ocr_par' dir='ltr' id='par_1_5' title="bbox 101 911 1046 1048">
     <span class='ocr_line' id='line_1_8' title="bbox 101 911 902 966; baseline 0.006 -14"><span class='ocrx_word' id='word_1_29' title='bbox 101 911 218 953; x_wconf 75' lang='lat' dir='ltr'>OPsss</span> <span class='ocrx_word' id='word_1_30' title='bbox 239 912 379 953; x_wconf 84' lang='lat' dir='ltr'>invisae</span> <span class='ocrx_word' id='word_1_31' title='bbox 399 913 548 954; x_wconf 78' lang='lat' dir='ltr'>merito</span> <span class='ocrx_word' id='word_1_32' title='bbox 569 924 665 955; x_wconf 90' lang='lat' dir='ltr'>sunt</span> <span class='ocrx_word' id='word_1_33' title='bbox 685 914 780 956; x_wconf 89' lang='lat' dir='ltr'>forti</span> <span class='ocrx_word' id='word_1_34' title='bbox 802 917 902 966; x_wconf 88' lang='lat' dir='ltr'>viro,</span> 
     </span>
     <span class='ocr_line' id='line_1_9' title="bbox 103 987 1046 1048; baseline 0.005 -21"><span class='ocrx_word' id='word_1_35' title='bbox 103 987 213 1035; x_wconf 79' lang='lat' dir='ltr'>Quia</span> <span class='ocrx_word' id='word_1_36' title='bbox 233 988 346 1029; x_wconf 83' lang='lat' dir='ltr'>dives</span> <span class='ocrx_word' id='word_1_37' title='bbox 368 1003 461 1030; x_wconf 84' lang='lat' dir='ltr'>arca</span> <span class='ocrx_word' id='word_1_38' title='bbox 481 1004 618 1030; x_wconf 84' lang='lat' dir='ltr'>veram</span> <span class='ocrx_word' id='word_1_39' title='bbox 640 990 803 1031; x_wconf 84' lang='lat' dir='ltr'>laudern</span> <span class='ocrx_word' id='word_1_40' title='bbox 827 993 1046 1048; x_wconf 76' lang='lat' dir='ltr'>intercipit.</span> 
     </span>
    </p>

    <p class='ocr_par' dir='ltr' id='par_1_6' title="bbox 95 1063 1250 1499">
     <span class='ocr_line' id='line_1_10' title="bbox 155 1063 1127 1120; baseline 0.005 -17"><span class='ocrx_word' id='word_1_41' title='bbox 155 1063 273 1104; x_wconf 89' lang='lat' dir='ltr'>Coelo</span> <span class='ocrx_word' id='word_1_42' title='bbox 294 1073 479 1119; x_wconf 83' lang='lat' dir='ltr'>receptus</span> <span class='ocrx_word' id='word_1_43' title='bbox 501 1076 669 1120; x_wconf 82' lang='lat' dir='ltr'>propter</span> <span class='ocrx_word' id='word_1_44' title='bbox 690 1067 898 1116; x_wconf 85' lang='lat' dir='ltr'>virtutem,</span> <span class='ocrx_word' id='word_1_45' title='bbox 925 1067 1127 1109; x_wconf 85' lang='lat' dir='ltr'>Hercules</span> 
     </span>
     <span class='ocr_line' id='line_1_11' title="bbox 98 1138 919 1196; baseline 0.004 -16"><span class='ocrx_word' id='word_1_46' title='bbox 98 1138 205 1180; x_wconf 74' lang='lat' dir='ltr'>Cum</span> <span class='ocrx_word' id='word_1_47' title='bbox 225 1140 477 1195; x_wconf 79' lang='lat' dir='ltr'>gratulantes</span> <span class='ocrx_word' id='word_1_48' title='bbox 498 1141 788 1196; x_wconf 58' lang='lat' dir='ltr'>persalutzisset</span> <span class='ocrx_word' id='word_1_49' title='bbox 809 1143 919 1191; x_wconf 86' lang='lat' dir='ltr'>deos,</span> 
     </span>
     <span class='ocr_line' id='line_1_12' title="bbox 96 1214 992 1272; baseline 0.004 -18"><span class='ocrx_word' id='word_1_50' title='bbox 96 1214 296 1256; x_wconf 77' lang='lat' dir='ltr'>Veniente</span> <span class='ocrx_word' id='word_1_51' title='bbox 319 1215 453 1265; x_wconf 78' lang='lat' dir='ltr'>Pluto,</span> <span class='ocrx_word' id='word_1_52' title='bbox 476 1217 547 1272; x_wconf 87' lang='lat' dir='ltr'>qui</span> <span class='ocrx_word' id='word_1_53' title='bbox 571 1216 768 1258; x_wconf 74' lang='lat' dir='ltr'>Fortunae</span> <span class='ocrx_word' id='word_1_54' title='bbox 788 1227 849 1258; x_wconf 77' lang='lat' dir='ltr'>est</span> <span class='ocrx_word' id='word_1_55' title='bbox 869 1217 992 1266; x_wconf 80' lang='lat' dir='ltr'>filius,</span> 
     </span>
     <span class='ocr_line' id='line_1_13' title="bbox 95 1291 1250 1348; baseline 0.003 -19"><span class='ocrx_word' id='word_1_56' title='bbox 95 1291 258 1331; x_wconf 82' lang='lat' dir='ltr'>Avertit</span> <span class='ocrx_word' id='word_1_57' title='bbox 277 1291 427 1332; x_wconf 86' lang='lat' dir='ltr'>oculos.</span> <span class='ocrx_word' id='word_1_58' title='bbox 496 1292 674 1333; x_wconf 83' lang='lat' dir='ltr'>Causam</span> <span class='ocrx_word' id='word_1_59' title='bbox 696 1294 887 1348; x_wconf 82' lang='lat' dir='ltr'>quaesivit</span> <span class='ocrx_word' id='word_1_60' title='bbox 907 1305 1036 1348; x_wconf 86' lang='lat' dir='ltr'>pater.</span> <span class='ocrx_word' id='word_1_61' title='bbox 1202 1298 1250 1334; x_wconf 81' lang='lat' dir='ltr'>lo</span> 
     </span>
     <span class='ocr_line' id='line_1_14' title="bbox 99 1366 1160 1424; baseline 0.001 -16"><span class='ocrx_word' id='word_1_62' title='bbox 99 1371 125 1390; x_wconf 81' lang='grc'>“</span> <span class='ocrx_word' id='word_1_63' title='bbox 148 1366 270 1415; x_wconf 87' lang='lat' dir='ltr'>Odi‚”</span> <span class='ocrx_word' id='word_1_64' title='bbox 292 1367 438 1422; x_wconf 83' lang='lat' dir='ltr'>inquit,</span> <span class='ocrx_word' id='word_1_65' title='bbox 464 1371 490 1392; x_wconf 90' lang='lat'><strong>“</strong></span> <span class='ocrx_word' id='word_1_66' title='bbox 504 1367 633 1417; x_wconf 88' lang='lat' dir='ltr'>illum,</span> <span class='ocrx_word' id='word_1_67' title='bbox 657 1369 754 1424; x_wconf 83' lang='lat' dir='ltr'>quia</span> <span class='ocrx_word' id='word_1_68' title='bbox 775 1367 891 1410; x_wconf 80' lang='lat' dir='ltr'>malis</span> <span class='ocrx_word' id='word_1_69' title='bbox 912 1369 1067 1409; x_wconf 84' lang='lat' dir='ltr'>amicus</span> <span class='ocrx_word' id='word_1_70' title='bbox 1089 1380 1160 1417; x_wconf 73' lang='lat' dir='ltr'>est,</span> 
     </span>
     <span class='ocr_line' id='line_1_15' title="bbox 99 1441 1082 1499; baseline 0.002 -18"><span class='ocrx_word' id='word_1_71' title='bbox 99 1441 314 1497; x_wconf 80' lang='lat' dir='ltr'>Simulque</span> <span class='ocrx_word' id='word_1_72' title='bbox 335 1443 494 1498; x_wconf 84' lang='lat' dir='ltr'>objecto</span> <span class='ocrx_word' id='word_1_73' title='bbox 514 1454 662 1485; x_wconf 86' lang='lat' dir='ltr'>cuncta</span> <span class='ocrx_word' id='word_1_74' title='bbox 682 1444 909 1499; x_wconf 85' lang='lat' dir='ltr'>corrumpit</span> <span class='ocrx_word' id='word_1_75' title='bbox 929 1444 1082 1484; x_wconf 90' lang='lat' dir='ltr'>lucr0.&#39;&#39;</span> 
     </span>
    </p>
   </div>
   <div class='ocr_carea' id='block_1_6' title="bbox 96 1603 1105 1890">
    <p class='ocr_par' dir='ltr' id='par_1_7' title="bbox 96 1603 1105 1890">
     <span class='ocr_line' id='line_1_16' title="bbox 492 1603 856 1644; baseline 0.003 -1"><span class='ocrx_word' id='word_1_76' title='bbox 492 1603 740 1644; x_wconf 82' lang='lat' dir='ltr'><strong>FABULA</strong></span> <span class='ocrx_word' id='word_1_77' title='bbox 774 1604 856 1644; x_wconf 89' lang='lat' dir='ltr'>XI.</span> 
     </span>
     <span class='ocr_line' id='line_1_17' title="bbox 437 1691 896 1719; baseline 0.002 -1"><span class='ocrx_word' id='word_1_78' title='bbox 437 1691 640 1719; x_wconf 79' lang='lat' dir='ltr'>CAPELLAE</span> <span class='ocrx_word' id='word_1_79' title='bbox 673 1693 726 1718; x_wconf 73' lang='grc' dir='ltr'>ΕΤ</span> <span class='ocrx_word' id='word_1_80' title='bbox 760 1693 896 1719; x_wconf 64' lang='lat' dir='ltr'>muel.</span> 
     </span>
     <span class='ocr_line' id='line_1_18' title="bbox 97 1758 1105 1815; baseline 0.003 -17"><span class='ocrx_word' id='word_1_81' title='bbox 97 1758 287 1799; x_wconf 75' lang='lat' dir='ltr'>BARBAM</span> <span class='ocrx_word' id='word_1_82' title='bbox 310 1760 477 1815; x_wconf 82' lang='lat' dir='ltr'>capellae</span> <span class='ocrx_word' id='word_1_83' title='bbox 497 1759 591 1801; x_wconf 74' lang='lat' dir='ltr'>cum</span> <span class='ocrx_word' id='word_1_84' title='bbox 613 1759 900 1815; x_wconf 49' lang='lat' dir='ltr'>impetrassent</span> <span class='ocrx_word' id='word_1_85' title='bbox 921 1761 972 1801; x_wconf 81' lang='lat' dir='ltr'>ab</span> <span class='ocrx_word' id='word_1_86' title='bbox 993 1761 1105 1808; x_wconf 84' lang='lat' dir='ltr'>Jove,</span> 
     </span>
     <span class='ocr_line' id='line_1_19' title="bbox 96 1831 932 1890; baseline 0.005 -19"><span class='ocrx_word' id='word_1_87' title='bbox 96 1831 214 1873; x_wconf 86' lang='lat' dir='ltr'>Hirci</span> <span class='ocrx_word' id='word_1_88' title='bbox 236 1843 454 1875; x_wconf 83' lang='lat' dir='ltr'>moerentes</span> <span class='ocrx_word' id='word_1_89' title='bbox 476 1834 681 1890; x_wconf 80' lang='lat' dir='ltr'>indignari</span> <span class='ocrx_word' id='word_1_90' title='bbox 705 1846 932 1890; x_wconf 77' lang='lat' dir='ltr'>coeperunt,</span> 
     </span>
    </p>
   </div>
   <div class='ocr_carea' id='block_1_7' title="bbox 139 1919 1249 1957">
    <p class='ocr_par' dir='ltr' id='par_1_8' title="bbox 139 1919 1249 1957">
     <span class='ocr_line' id='line_1_20' title="bbox 139 1919 1249 1957; baseline 0.005 -6"><span class='ocrx_word' id='word_1_91' title='bbox 139 1922 160 1951; x_wconf 77' lang='lat'><strong>2</strong></span> <span class='ocrx_word' id='word_1_92' title='bbox 186 1919 344 1954; x_wconf 80' lang='lat' dir='ltr'>Inveniri:</span> <span class='ocrx_word' id='word_1_93' title='bbox 369 1934 421 1955; x_wconf 78' lang='lat' dir='ltr'>eos</span> <span class='ocrx_word' id='word_1_94' title='bbox 448 1922 476 1955; x_wconf 84' lang='lat' dir='ltr'>is</span> <span class='ocrx_word' id='word_1_95' title='bbox 516 1923 638 1956; x_wconf 84' lang='lat' dir='ltr'>under·</span> <span class='ocrx_word' id='word_1_96' title='bbox 701 1923 778 1956; x_wconf 82' lang='lat' dir='ltr'>dcss</span> <span class='ocrx_word' id='word_1_97' title='bbox 808 1923 885 1956; x_wconf 91' lang='lat' dir='ltr'>who</span> <span class='ocrx_word' id='word_1_98' title='bbox 917 1923 944 1956; x_wconf 88' lang='lat' dir='ltr'>is</span> <span class='ocrx_word' id='word_1_99' title='bbox 981 1923 1053 1956; x_wconf 85' lang='lat' dir='ltr'>said</span> <span class='ocrx_word' id='word_1_100' title='bbox 1086 1931 1122 1957; x_wconf 91' lang='lat' dir='ltr'>to</span> <span class='ocrx_word' id='word_1_101' title='bbox 1164 1922 1249 1957; x_wconf 79' lang='lat' dir='ltr'>have</span> 
     </span>
    </p>
   </div>
   <div class='ocr_carea' id='block_1_8' title="bbox 93 1965 1249 2196">
    <p class='ocr_par' dir='ltr' id='par_1_9' title="bbox 93 1965 1249 2059">
     <span class='ocr_line' id='line_1_21' title="bbox 93 1965 1249 2003; baseline 0.001 -4"><span class='ocrx_word' id='word_1_102' title='bbox 93 1965 205 2000; x_wconf 88' lang='lat' dir='ltr'>stood.</span> <span class='ocrx_word' id='word_1_103' title='bbox 700 1969 811 2003; x_wconf 85' lang='lat' dir='ltr'>honor</span> <span class='ocrx_word' id='word_1_104' title='bbox 837 1969 903 2003; x_wconf 85' lang='lat' dir='ltr'>and</span> <span class='ocrx_word' id='word_1_105' title='bbox 920 1969 1029 2003; x_wconf 82' lang='lat' dir='ltr'>riches</span> <span class='ocrx_word' id='word_1_106' title='bbox 1046 1977 1081 2003; x_wconf 87' lang='lat' dir='ltr'>at</span> <span class='ocrx_word' id='word_1_107' title='bbox 1106 1968 1165 2001; x_wconf 85' lang='lat' dir='ltr'>her</span> <span class='ocrx_word' id='word_1_108' title='bbox 1183 1969 1249 2001; x_wconf 74' lang='lat' dir='ltr'>dis-</span> 
     </span>
     <span class='ocr_line' id='line_1_22' title="bbox 139 2013 806 2059; baseline 0.003 -13"><span class='ocrx_word' id='word_1_109' title='bbox 139 2016 160 2046; x_wconf 86' lang='grc'>8</span> <span class='ocrx_word' id='word_1_110' title='bbox 188 2013 397 2045; x_wconf 76' lang='lat' dir='ltr'>Gratulantes</span> <span class='ocrx_word' id='word_1_111' title='bbox 408 2025 420 2046; x_wconf 81' lang='lat'>.-</span> <span class='ocrx_word' id='word_1_112' title='bbox 438 2013 503 2048; x_wconf 81' lang='lat' dir='ltr'>eiis</span> <span class='ocrx_word' id='word_1_113' title='bbox 517 2014 639 2048; x_wconf 83' lang='lat' dir='ltr'>under·</span> <span class='ocrx_word' id='word_1_114' title='bbox 700 2015 806 2059; x_wconf 85' lang='lat' dir='ltr'>posal.</span> 
     </span>
    </p>

    <p class='ocr_par' dir='ltr' id='par_1_10' title="bbox 94 2058 1248 2151">
     <span class='ocr_line' id='line_1_23' title="bbox 94 2058 1248 2108; baseline 0.004 -16"><span class='ocrx_word' id='word_1_115' title='bbox 94 2058 205 2092; x_wconf 88' lang='lat' dir='ltr'>stood.</span> <span class='ocrx_word' id='word_1_116' title='bbox 751 2064 791 2094; x_wconf 75' lang='lat'>12</span> <span class='ocrx_word' id='word_1_117' title='bbox 818 2061 950 2105; x_wconf 75' lang='lat' dir='ltr'>Ohjecto</span> <span class='ocrx_word' id='word_1_118' title='bbox 982 2062 1080 2102; x_wconf 76' lang='lat' dir='ltr'>lucro,</span> <span class='ocrx_word' id='word_1_119' title='bbox 1113 2066 1156 2108; x_wconf 77' lang='lat' dir='ltr'>by</span> <span class='ocrx_word' id='word_1_120' title='bbox 1190 2064 1248 2097; x_wconf 89' lang='lat' dir='ltr'>the</span> 
     </span>
     <span class='ocr_line' id='line_1_24' title="bbox 139 2104 1061 2151; baseline 0.003 -13"><span class='ocrx_word' id='word_1_121' title='bbox 139 2107 159 2138; x_wconf 88' lang='lat'><strong>9</strong></span> <span class='ocrx_word' id='word_1_122' title='bbox 185 2106 294 2144; x_wconf 67' lang='lat' dir='ltr'>Pluto,</span> <span class='ocrx_word' id='word_1_123' title='bbox 328 2104 462 2143; x_wconf 86' lang='lat' dir='ltr'>Plutus,</span> <span class='ocrx_word' id='word_1_124' title='bbox 485 2104 543 2139; x_wconf 90' lang='lat' dir='ltr'>the</span> <span class='ocrx_word' id='word_1_125' title='bbox 573 2106 639 2150; x_wconf 79' lang='lat' dir='ltr'>god</span> <span class='ocrx_word' id='word_1_126' title='bbox 702 2107 904 2151; x_wconf 83' lang='lat' dir='ltr'>temptation</span> <span class='ocrx_word' id='word_1_127' title='bbox 921 2106 962 2140; x_wconf 90' lang='lat' dir='ltr'>of</span> <span class='ocrx_word' id='word_1_128' title='bbox 972 2108 1061 2151; x_wconf 83' lang='lat' dir='ltr'>gain.</span> 
     </span>
    </p>

    <p class='ocr_par' dir='ltr' id='par_1_11' title="bbox 95 2150 1247 2196">
     <span class='ocr_line' id='line_1_25' title="bbox 95 2150 1247 2196; baseline 0.003 -12"><span class='ocrx_word' id='word_1_129' title='bbox 95 2150 133 2184; x_wconf 87' lang='lat' dir='ltr'>of</span> <span class='ocrx_word' id='word_1_130' title='bbox 145 2151 266 2185; x_wconf 79' lang='lat' dir='ltr'>riches.</span> <span class='ocrx_word' id='word_1_131' title='bbox 754 2155 794 2187; x_wconf 74' lang='lat'>14</span> <span class='ocrx_word' id='word_1_132' title='bbox 820 2155 993 2196; x_wconf 78' lang='lat' dir='ltr'>Coeperunt</span> <span class='ocrx_word' id='word_1_133' title='bbox 1010 2154 1070 2189; x_wconf 87' lang='lat' dir='ltr'>has</span> <span class='ocrx_word' id='word_1_134' title='bbox 1096 2154 1175 2188; x_wconf 84' lang='lat' dir='ltr'>herc</span> <span class='ocrx_word' id='word_1_135' title='bbox 1205 2155 1247 2187; x_wconf 71' lang='lat' dir='ltr'>its</span> 
     </span>
    </p>
   </div>
   <div class='ocr_carea' id='block_1_9' title="bbox 142 2196 1013 2242">
    <p class='ocr_par' dir='ltr' id='par_1_12' title="bbox 142 2196 1013 2242">
     <span class='ocr_line' id='line_1_26' title="bbox 142 2196 1013 2242; baseline 0.002 -12"><span class='ocrx_word' id='word_1_136' title='bbox 142 2196 549 2239; x_wconf 79' lang='lat' dir='ltr'>Fortunoe,ofFortune,a</span> <span class='ocrx_word' id='word_1_137' title='bbox 561 2197 642 2240; x_wconf 79' lang='lat' dir='ltr'>god·</span> <span class='ocrx_word' id='word_1_138' title='bbox 704 2199 890 2242; x_wconf 80' lang='lat' dir='ltr'>penultima</span> <span class='ocrx_word' id='word_1_139' title='bbox 906 2199 1013 2232; x_wconf 84' lang='lat' dir='ltr'>short.</span> 
     </span>
    </p>
   </div>
  </div>
 </body>
</html>
