1503 2532
552 226 683 254 Lmen
717 227 896 256 PR1MUs.
1269 220 1294 255 9

143 339 258 380 Malo
274 339 484 390 afficietur,
507 342 539 382 si
563 343 653 398 quiS
676 353 864 399 quartam
886 345 1104 399 tetigerit.'’

143 416 209 455 Sic
232 425 356 457 totam
378 417 562 472 praedam
583 419 668 459 sola
689 419 928 474 improbitas
949 420 1129 461 abstulit.

540 558 787 600 FABULA
820 559 896 600 VI.

366 671 528 699 VULPES
560 672 612 698 ET
644 672 838 699 PERSONA
869 673 1066 701 TRAGICA.

142 755 385 798 PERSONAM
404 758 599 813 tragicam
615 757 719 798 forte
734 758 874 813 vulpes
888 758 1045 799 viderat
1060 774 1068 798 :

140 837 164 855 ‘⁶
178 832 215 873 O
226 843 378 887 quanta
387 833 537 886 species
549 835 557 872 !
568 834 590 851 ''
606 833 752 888 inquit,
771 839 796 857 ‘⁶
805 834 1018 874 cerebrum
1032 834 1244 875 nonhabet
1259 835 1291 874 !''

199 907 288 947 Hoc
305 907 380 947 illis
395 908 549 947 dictum
563 917 634 956 est,
646 908 795 963 quibus
809 908 1005 949 honorem
1020 918 1059 949 et
1072 909 1242 964 gloriam
1268 915 1291 949 5

144 982 325 1022 Fortuna
346 983 502 1031 tribuit,
525 998 688 1023 sensum
709 997 969 1024 communem
991 983 1171 1024 abstulit.

528 1123 774 1165 FABULA
804 1125 904 1165 VII.

527 1238 666 1264 LUPUs
696 1238 749 1264 ET
777 1237 904 1265 GRUS.

142 1327 231 1374 Qm
254 1327 432 1381 pretium
455 1326 591 1366 meriti
613 1326 664 1365 ab
687 1325 884 1380 improbis
906 1325 1122 1374 desiderat,

144 1400 213 1440 Bis
234 1410 395 1455 peccat3
420 1398 599 1454 primum
622 1399 815 1454 quoniam
839 1399 1029 1454 indignos
1050 1400 1229 1454 adjuvat,

144 1472 318 1529 Impune
340 1475 451 1514 abire
473 1473 622 1513 deinde
644 1474 740 1528 quia
755 1474 841 1527 jam
863 1488 945 1513 non
968 1483 1111 1527 potest.

200 1550 258 1591 Os
280 1549 516 1589 devoratum
539 1548 653 1588 fauce
673 1546 766 1588 cum
790 1548 965 1588 haereret
988 1548 1085 1602 lupi,
1249 1552 1296 1588 l()

145 1625 303 1680 Magno
324 1624 464 1664 dolore
485 1624 626 1671 vietus,
650 1623 777 1677 coepit
797 1623 978 1676 singulos

147 1699 303 1740 Illicere
325 1698 469 1753 pretio,
492 1707 538 1738 ut
558 1697 660 1737 illud
681 1697 945 1737 extraherent
966 1698 1132 1738 malum.

146 1775 331 1816 Tandem
354 1788 546 1828 persuasa
566 1783 624 1813 est
640 1773 912 1827 jurejurando
933 1774 1070 1828 gruis3

195 1905 207 1934 1
239 1902 336 1934 Ilsalo
353 1901 521 1946 officietur,
547 1900 590 1934 he
615 1899 698 1932 shnll
794 1902 814 1932 9
840 1899 978 1938 Deinde,
997 1899 1166 1935 secondlv.

146 1948 295 1992 severely
313 1949 414 1982 suffer
431 1947 482 1981 for
498 1946 535 1980 it.
792 1946 880 1984 Jam,
899 1945 995 1978 when
1014 1945 1056 1979 he
1074 1937 1145 1978 has'
1158 1946 1299 1978 assistcd

193 1998 214 2028 3
238 1997 412 2027 Personam
424 1994 589 2037 tragicam,
603 2004 623 2025 a
634 1999 700 2024 tra·
747 1990 850 2024 them.

145 2040 293 2084 gedian's
311 2039 416 2073 mask.
796 2039 832 2069 ll
863 2036 1019 2079 Singulos,
1037 2036 1095 2069 the
1112 2036 1210 2069 other
1233 2036 1302 2068 ani-

191 2089 213 2120 4
240 2087 269 2119 Ο
286 2091 406 2130 quanta
422 2087 552 2128 species,
571 2084 602 2117 Ο
619 2083 697 2116 how
745 2082 828 2116 mals
846 2093 911 2115 one
927 2083 971 2126 by
988 2094 1064 2116 one.

147 2132 306 2166 beautiful
325 2144 366 2165 an
385 2141 604 2175 appearance.
796 2131 834 2161 12
861 2129 952 2160 Illud
969 2129 1096 2167 malum,
1114 2128 1171 2161 the
1186 2129 1284 2160 bone.

194 2183 213 2212 7
240 2179 367 2217 λίψ-ἰή,
409 2177 459 2210 for
499 2189 519 2210 a
557 2173 698 2219 friendly
797 2177 835 2207 13
851 2175 1092 2218 Jurejuramlo:
1103 2175 1172 2216 lupi
1183 2174 1209 2206 is
1221 2173 1301 2206 here

148 2225 269 2258 action.
747 2220 968 2254 understood.

195 2270 379 2308 Desiderat,
397 2275 545 2312 expectS.
799 2267 906 2305 Grais,
924 2265 983 2299 the
1000 2265 1134 2298 ancient
1152 2264 1251 2297 mode
1269 2264 1303 2296 of

197 2321 217 2349 S
244 2319 374 2354 Peccat,
391 2326 472 2348 errs.
751 2311 882 2354 writing
896 2323 985 2355 grus.

673 2362 756 2398 135
