1503 2532
518 213 650 241 LIBER
676 211 890 244 QUARTUS.
1220 196 1273 232 69

508 361 757 402 FABULA
789 358 890 399 VII.

468 464 631 491 VULPES
662 462 716 488 ET
748 460 920 487 HIRCUS.

125 555 266 596 Homo
288 553 332 593 in
353 550 550 607 peric⁷u1n
573 551 693 591 simul
715 565 760 590 ac
782 550 894 590 venit
914 547 1096 595 callidus,

124 629 336 685 Effugium
356 642 537 683 reperire
557 626 723 667 alterins
745 625 895 680 quaerit
915 622 1034 663 malo.

180 703 287 745 Cum
307 704 525 744 decidisset
545 702 686 756 vulpes
709 702 750 741 in
772 710 942 755 puteum
965 697 1102 745 inscia,

121 781 176 820 Et
196 780 340 820 altiore
360 779 618 819 clauderetur
639 778 836 831 margine,

122 855 301 895 Devenit
320 854 456 894 hircus
477 853 615 893 sitiens
638 853 677 892 in
699 851 877 891 cundem
898 850 1057 890 locum:
1250 851 1276 887 5

127 930 257 971 Simul
280 930 449 985 rogavit,
473 938 577 969 esset
597 944 648 968 an
671 927 799 967 dnlciS
821 927 969 981 liquor,

122 1006 178 1046 Et
198 1006 381 1060 copiosus
394 1021 404 1054 ;
438 1005 505 1045 illa
526 1005 711 1045 fraudem
734 1003 917 1050 moliens,

123 1086 149 1105 “
166 1081 393 1129 Descende,
415 1081 556 1128 amice,
581 1089 694 1120 tanta
714 1079 872 1119 bonitas
893 1088 953 1118 est
973 1092 1105 1132 aquae,

123 1156 323 1211 Voluptas
344 1166 390 1196 ut
411 1157 548 1196 satiari
569 1170 651 1195 non
674 1155 799 1209 possit
820 1155 947 1193 mea.'’

125 1232 300 1273 Immisit
320 1247 361 1272 sc
381 1232 587 1272 barbatus
650 1231 762 1270 Tum
785 1229 1000 1284 vulpecula
1229 1230 1278 1267 10

125 1307 266 1347 Evasit
285 1316 422 1361 puteo,
446 1307 543 1346 nixa
563 1305 677 1345 celsis
699 1305 902 1352 cornibus,

127 1379 385 1435 Hircumque
406 1379 541 1420 clauso
562 1379 683 1433 liquit
704 1378 930 1418 lioerentem
953 1377 1067 1418 vado.

506 1542 753 1583 FABULA
781 1542 906 1582 VIII.

465 1640 520 1665 DE
552 1640 682 1666 VITIIS
716 1638 945 1665 HOMINUM.

131 1723 273 1763 PnnAs
296 1723 490 1777 imposuit
509 1722 672 1776 Jupiter
693 1721 810 1761 nobis
831 1721 954 1761 duas:

131 1798 311 1852 Propriis
332 1797 528 1852 repletam
552 1797 657 1837 vitiis
678 1806 768 1851 post
790 1806 951 1851 tergum
974 1796 1098 1837 dedit.

130 1873 287 1913 Alienis
309 1883 404 1913 ante
424 1883 565 1928 pectus
586 1873 798 1927 suspendit
818 1887 997 1928 gravem.
1235 1876 1282 1913 15

178 1975 217 2005 10
236 1973 423 2006 Barbatus.-
446 1974 549 2007 hircus
562 1973 590 2007 is
613 1985 674 2007 un·
787 1975 827 2006 14
850 1973 975 2006 Dedit:
1016 1985 1112 2006 unam
1148 1972 1175 2005 is
1207 1972 1289 2006 here

128 2019 304 2052 derstood.
737 2019 958 2052 understood.

272 2093 292 2104 φ
421 2091 428 2097 .
478 2091 485 2098 .
790 2068 827 2098 15
857 2066 995 2098 Alienis:
1033 2067 1112 2098 vitiis
1140 2065 1168 2097 is
1209 2064 1289 2097 here

178 2095 213 2126 ll
245 2093 273 2124 Ἀ
283 2104 344 2130 “m’
363 2102 542 2136 spungmg’
742 2111 961 2144 understood.

179 2158 355 2191 Cornibus.-
387 2158 465 2191 hirci
503 2158 532 2192 is
557 2159 678 2193 under·
787 2158 980 2200 Suspendit:
1003 2157 1137 2189 alteram
1163 2155 1192 2189 is
1209 2156 1290 2191 here

132 2204 245 2237 stood.
740 2203 963 2238 understood.
