1503 2532
531 231 666 262 mmm
693 235 893 265 TERTIUS.
1243 227 1298 266 53

135 348 337 391 Seductus
360 350 402 390 in
424 362 627 392 secretum
648 369 672 394 a
692 354 841 395 liberto
862 364 923 394 est
943 369 1029 403 suo,

133 424 332 479 Sperante
351 425 562 467 haeredem
583 428 711 469 suffici
733 444 774 469 se
795 429 1053 483 proximum3

129 498 227 548 Qui,
249 498 343 540 cum
364 501 414 541 de
435 516 562 556 puero
583 502 713 543 multa
732 505 927 544 mentitus
948 504 1064 552 foret,

129 573 184 614 Et
204 574 322 628 plura
343 575 394 616 de
414 576 580 631 flagitiis
602 587 723 617 castae
745 578 941 625 mulieris,

127 650 292 704 Adjecit
312 651 366 699 id,
390 652 501 706 quod
521 652 723 693 sentiebat
743 653 922 693 maxime
1267 658 1292 693 5

126 725 365 766 Doliturum
386 727 554 775 amanti,
578 728 779 768 ventitare
797 728 1045 777 adulterum,

130 799 365 855 Stuproque
387 803 496 855 turpi
519 801 647 855 pollui
668 802 818 842 famam
841 803 998 844 domus.

127 874 322 915 Incensus
344 876 411 916 ille
433 876 532 917 falso
554 878 693 918 uxoris
715 878 898 927 crimine,

129 951 344 992 Simulavit
366 952 442 992 iter
463 952 515 992 ad
537 952 685 1001 villam,
709 953 898 1008 clamque
920 954 962 993 in
979 955 1131 1009 oppido

127 1026 343 1075 Subsedit3
376 1027 525 1067 deinde
547 1038 670 1068 noctu
687 1027 823 1068 subito
840 1029 1011 1082 januam
1241 1034 1289 1069 lo

126 1101 314 1150 Intravit,
337 1101 449 1143 rectti
468 1103 705 1143 cubiculum
722 1105 860 1144 uxoris
878 1115 1033 1159 petens,

124 1176 174 1216 In
191 1191 273 1231 quo
295 1177 475 1218 dormire
494 1188 624 1218 mater
644 1188 787 1219 natum
804 1179 995 1233 jusserat,

123 1251 311 1293 AEtatem
330 1253 514 1294 adultam
535 1268 697 1294 servans
719 1252 969 1309 diligentius.

125 1327 238 1368 Dum
259 1338 454 1383 quaerunt
473 1329 625 1377 lumen,
648 1329 747 1369 dum
767 1340 1012 1370 concursant
1033 1330 1198 1381 familia,

125 1402 206 1442 Irae
226 1402 398 1443 furentis
420 1403 616 1458 impetum
639 1417 721 1443 non
743 1403 958 1451 sustinens,
1238 1410 1284 1446 15

124 1478 193 1518 Ad
212 1478 363 1518 lectum
384 1478 563 1527 accedit;
596 1486 726 1518 tentat
745 1478 788 1517 in
810 1478 988 1518 tenebris
1010 1490 1144 1534 caput.

125 1553 185 1593 Ut
205 1554 330 1594 sentit
351 1564 527 1601 tonsum,
546 1553 683 1608 gladio
704 1562 846 1607 pectus
864 1554 1066 1609 transigit,

124 1626 239 1666 Nihil
259 1627 488 1681 respiciens,
512 1626 611 1666 dum
633 1625 812 1666 dolorem
836 1627 1026 1667 vindicet.

123 1699 312 1741 Lucerna
333 1699 468 1748 allata,
491 1699 610 1740 simul
632 1699 790 1754 aspexit
810 1699 954 1748 filium,

124 1773 398 1829 Sanctamque
418 1788 589 1814 uxorem
609 1773 882 1813 dormientem
903 1774 1105 1822 cubiculo,
1226 1779 1279 1816 ‘20

124 1849 265 1903 Sopita
284 1850 416 1903 primo
438 1864 532 1904 quae
552 1847 610 1888 nil
631 1862 772 1888 somno
793 1859 984 1897 senserat,

124 1923 448 1977 Repraesentavit
468 1924 510 1963 in
530 1937 572 1962 se
592 1936 757 1977 poenam
777 1920 978 1970 facinoris,

123 1995 179 2036 Et
198 1995 305 2036 ferro
327 1996 523 2044 incubuit,
546 1994 656 2050 quod
676 1994 894 2034 credulitas
916 1996 1149 2036 strinxerat.

166 2061 187 2091 2
213 2058 331 2102 Szffci,
359 2065 393 2091 to
420 2060 461 2092 be
490 2058 610 2093 named
635 2058 669 2091 in
768 2059 806 2090 10
830 2058 996 2091 Jarzuam:
1029 2060 1138 2092 domm·
1157 2071 1223 2092 ,ςιιεε
1250 2059 1277 2092 is

119 2105 174 2138 his
190 2104 297 2148 place.
723 2109 947 2145 understood.

163 2152 185 2184 4
208 2150 265 2182 De
292 2151 441 2193 flagiti&
474 2150 678 2194 concerning
771 2158 813 2188 2²2
840 2157 1097 2200 Reproesentavit
1144 2169 1275 2200 poenam

120 2195 179 2229 the
196 2195 467 2229 unsaithfulness.
710 2202 881 2245 fucinum,
920 2201 964 2235 he
1012 2202 1178 2246 revenged
1217 2203 1274 2236 the

168 2245 187 2274 7
214 2242 333 2285 Stupro
375 2244 472 2286 turpi,
511 2243 555 2286 by
592 2243 673 2275 base
721 2246 961 2290 bloodydeed.

117 2287 344 2332 debaucheny.

655 2343 738 2378 1³3
