1503 2532
215 180 269 217 64
559 189 736 217 PHAEDm
769 187 1041 218 FABULARL'M
1096 188 1098 191 ’

274 306 371 354 Qui,
393 304 524 346 facere
546 320 639 360 quae
661 321 742 346 non
765 315 946 361 possunt,
969 305 1103 345 verbis
1125 304 1297 352 elevant,

214 383 432 424 Ascribere
451 382 528 422 hoe
548 382 761 423 debebunt
781 380 1015 437 exemplum
1036 382 1125 422 sibi.

607 512 853 554 FABULA
888 511 969 553 ΙΙΙ.

585 602 730 633 EQUUS
762 603 815 628 ET
847 602 988 628 HOMO.

215 674 370 719 EQUUS
391 673 532 714 sedare
553 674 693 714 solitus
715 689 796 729 quo
817 673 949 713 fuerat
970 673 1091 720 sitim,

214 749 326 789 Dum
348 763 433 788 sese
454 763 552 802 aper
571 747 739 795 volutat,
764 748 945 787 turbavit
964 746 1127 786 vadum.

211 823 322 864 Hine
343 832 433 863 orta
452 822 500 862 lis
521 832 592 863 est.
658 823 841 877 Sonipes,
865 822 991 861 iratus
1012 820 1110 869 fero,
1342 822 1367 859 5

212 897 428 938 Auxilium
449 897 567 952 petiit
586 896 775 946 hominis,
799 911 921 952 quem
943 896 1062 936 dorso
1082 894 1233 943 levans,

212 973 355 1014 Rediit
375 973 427 1014 ad
447 973 617 1014 hostem.
678 972 805 1013 Jactis
825 972 935 1012 hune
956 972 1045 1012 telis
1067 985 1190 1026 eques

212 1049 435 1103 Postquam
450 1048 664 1097 interfecit,
687 1048 743 1088 sic
764 1047 922 1088 locutus
944 1047 1137 1087 traditur:

211 1127 238 1146 ‘⁶
256 1122 398 1162 Laetor
421 1121 559 1161 tulisse
580 1121 780 1161 auxilium
801 1135 867 1160 me
886 1120 1075 1174 precibus
1097 1119 1191 1168 tuis,

209 1197 318 1239 Nam
338 1196 521 1251 praedam
543 1196 643 1250 cepi,
666 1205 707 1235 et
727 1195 850 1235 didici
872 1193 996 1250 quaim
1019 1195 1070 1234 sis
1092 1193 1239 1234 utilis.’'
1315 1197 1364 1234 10

211 1273 352 1327 Atque
373 1273 430 1312 ita
449 1272 583 1327 coegit
602 1271 753 1311 fraenos
775 1271 949 1310 invitum
970 1271 1066 1325 pati.

213 1349 325 1389 Tum
345 1357 515 1388 moestus
536 1347 618 1396 ille,
643 1352 668 1371 ‘⁶
688 1347 833 1387 Parvae
854 1346 1075 1386 vindictam
1097 1346 1155 1386 rei

212 1423 327 1464 Dum
347 1438 489 1478 quaero
509 1422 688 1471 demens,
711 1422 948 1462 servitutem
969 1421 1137 1476 reperi.''

269 1499 374 1540 Haec
394 1499 610 1539 iracundos
631 1497 870 1538 admonebit
889 1496 1038 1546 fabula,

211 1573 388 1628 Impune
410 1571 544 1628 potius
564 1573 672 1622 laedi,
693 1571 817 1628 quzim
838 1572 931 1612 dedi
952 1572 1080 1613 alteri.
1318 1574 1367 1613 15

607 1703 855 1744 FABULA
890 1703 962 1743 IV.

382 1793 530 1820 PUGNA
561 1793 750 1819 MUmUM
783 1792 836 1818 ET
866 1791 1181 1818 MUSTELARUM.

215 1852 320 1892 CUM
342 1852 451 1900 vieti,
474 1868 622 1901 mures,
646 1853 914 1893 mustelarum
934 1852 1130 1899 exercitu,

255 1948 276 1978 3
304 1945 420 1988 Equus
451 1946 574 1985 sedare,
591 1945 646 1984 (5-0.
682 1945 756 1978 The
865 1948 884 1977 7
911 1944 1031 1976 Hunc:
1060 1956 1175 1987 aprum
1203 1944 1230 1977 is
1248 1946 1369 1979 under-

209 1990 466 2024 construction:
492 1991 590 2034 Aper,
607 1992 680 2023 dnm
704 2003 756 2023 vo·
819 1990 934 2023 stood.

208 2038 291 2069 lutat
306 2048 384 2077 sese,
400 2037 535 2069 turbavit
558 2037 672 2069 vadum
694 2049 755 2080 quo
863 2039 884 2069 8
910 2037 1052 2069 Locutus
1068 2050 1080 2069 :
1104 2050 1172 2071 esse
1202 2037 1231 2071 is
1247 2037 1368 2071 under-

209 2095 309 2126 equus
349 2083 456 2116 solitus
490 2083 605 2127 fuerat
649 2085 760 2116 sedare
822 2082 933 2115 stood.

209 2130 300 2161 sitim.
874 2131 913 2161 15
931 2129 1018 2161 Dedi
1028 2129 1132 2169 alteri,
1143 2136 1180 2162 to
1194 2130 1235 2162 be
1249 2129 1367 2172 placed

258 2178 278 2208 6
303 2175 444 2216 Levans,
462 2174 585 2219 taking.
822 2174 855 2207 in
873 2174 931 2207 t'ne
948 2186 1063 2218 power
1080 2175 1120 2208 of
1130 2174 1283 2208 another.
