1503 2532
511 227 645 255 mmm
676 227 890 259 QUARTUS.
1223 218 1270 256 sl

124 344 290 387 Habere
312 356 357 387 ut
376 347 502 401 possit
522 346 678 401 aliquid
698 346 831 401 operis
852 345 1016 386 residui.

123 420 318 468 Quamvis
339 423 520 463 materiae
542 432 654 463 tanta
674 422 855 463 abundet
876 423 1004 477 copia,

123 496 273 538 Labori
294 497 407 539 faber
429 508 474 539 ut
494 499 609 547 desit,
633 513 715 539 nou
737 498 853 539 fabro
874 499 1002 539 labor.

122 571 317 614 Brevitati
340 584 489 615 nostrae
510 575 726 629 praemium
749 584 794 614 ut
814 574 973 623 reddas,
997 585 1103 630 pcto,

122 647 245 696 Quod
265 664 305 689 es
327 650 551 704 pollicitus;
583 650 732 691 exhibe
752 651 859 691 vocis
880 651 1004 692 fidem
1021 668 1030 700 ;
1249 656 1273 692 5

122 723 229 764 Nam
250 725 331 765 vita
353 725 474 766 morti
496 726 663 780 propior
684 735 743 766 est
764 726 971 781 quotidie;

121 797 175 839 Et
196 798 273 840 hoc
295 800 428 840 minus
450 801 659 855 perveniet
679 801 731 841 ad
753 816 817 841 me
838 802 1031 850 muneris,

121 873 214 920 Quo
235 873 325 928 plus
347 885 558 916 consumet
579 877 771 931 temporis
792 876 945 917 dilatio.

62 951 67 954 ’
121 949 164 989 Si
185 948 266 990 cito
287 965 371 991 rem
392 966 573 1007 perages,
596 967 690 993 usus
712 952 782 993 fiet
802 952 985 1008 longior:

122 1025 252 1066 Fruar
272 1025 438 1076 diutius,
461 1028 492 1068 si
514 1026 683 1068 celerius
705 1043 879 1083 coepero.
1225 1032 1270 1068 10

119 1100 373 1155 Languentis
390 1102 465 1142 aevi
487 1102 586 1142 dum
608 1113 702 1143 sunt
723 1102 872 1158 aliquae
894 1102 1091 1158 reliquiae,

118 1177 286 1218 Auxilio
307 1177 419 1218 locus
440 1188 525 1218 est:
559 1178 655 1219 olim
677 1179 787 1219 senio
809 1179 986 1219 debilem

119 1251 288 1293 Frustrzi
307 1253 501 1307 adjuvare
519 1253 678 1294 bonitas
699 1254 852 1294 nitetur
873 1265 955 1303 tua,

118 1327 225 1369 Cum
241 1329 327 1383 jam
349 1328 513 1369 desierit
533 1343 617 1369 esse
636 1329 880 1370 beneficium
903 1330 1013 1379 utile,

118 1403 173 1444 Et
193 1418 300 1444 mors
321 1404 454 1445 vicina
474 1404 676 1460 flagitabit
698 1405 896 1445 debitum.
1226 1411 1269 1446 15

119 1479 300 1520 Stultum
321 1479 537 1521 admovere
560 1480 635 1521 tibi
657 1495 794 1534 preces
815 1481 1016 1529 existimo,

118 1555 312 1597 Proclivis
333 1556 441 1597 ultro
462 1555 555 1597 curn
575 1557 627 1597 sit
647 1557 936 1598 misericordia.

118 1632 238 1686 Saepe
258 1631 491 1686 impetravit
511 1632 672 1672 veniam
695 1631 899 1673 consessus
923 1647 1038 1681 reus3

116 1704 285 1753 Quanto
307 1706 513 1746 innocenti
529 1704 679 1760 justius
701 1706 823 1747 debet
844 1705 964 1747 dari?

115 1780 221 1821 Tuae
241 1780 354 1836 prius
375 1791 470 1822 sunt
490 1792 637 1836 parteS‚
660 1781 834 1822 aliorum
856 1781 974 1831 dein3
1215 1784 1267 1821 20

118 1854 333 1909 Similique
353 1869 454 1910 gyro
476 1856 643 1896 venient
662 1855 837 1895 aliorum
858 1855 976 1895 vices.

115 1929 302 1970 Decerne
322 1931 433 1985 quod
453 1930 607 1986 religio,
628 1930 738 1985 quod
759 1930 913 1985 patitur
933 1930 1047 1979 fides,

116 2004 171 2045 Et
191 2005 391 2060 gratulari
411 2020 477 2046 me
497 2005 558 2047 fac
575 2006 732 2061 judicio
755 2015 838 2046 tuo.

173 2079 349 2120 Excedit
369 2079 540 2128 animus,
563 2094 685 2134 quem
706 2079 930 2134 proposuit,
956 2080 1198 2127 terminum;

163 2155 177 2186 l
206 2153 349 2192 Residui,
367 2152 438 2187 left.
762 2157 801 2187 19
826 2155 954 2188 Debet:
984 2156 1075 2187 venia
1102 2154 1131 2188 is
1149 2155 1270 2188 under—

159 2202 180 2232 5
206 2199 333 2231 Eoehibe
350 2200 552 2243 vocz'sfidem,
568 2199 666 2233 make
714 2201 828 2234 stood.

114 2244 204 2289 good
222 2256 308 2290 your
326 2246 484 2290 promise.
759 2250 803 2281 20
830 2248 958 2288 Partes,
975 2247 1043 2281 this
1060 2247 1142 2281 kind
1159 2247 1267 2281 office.

649 2296 726 2334 ΕΞ)
