1503 2532
237 216 291 256 48
579 228 755 255 PHAEDm
791 228 1059 255 FABULARUM

297 344 388 386 Hac
410 345 587 385 derideri
609 345 744 386 sabula
767 345 914 386 merito
934 354 1078 400 potest,

238 421 323 470 Qui
343 420 429 462 sine
450 421 600 461 virtute
621 435 742 462 vanas
764 430 926 461 exercet
945 421 1085 461 minas.

634 543 878 584 FABULA
915 543 988 583 VI.

606 640 729 669 CANIS
761 641 813 667 ET
845 640 997 667 LUPUS.

239 710 377 758 QUAM
398 711 528 752 dulcis
548 712 600 752 sit
619 712 797 760 libertas,
820 712 999 752 breviter
1020 711 1252 767 proloquar.

293 787 397 827 Cani
417 797 618 842 perpasto,
642 788 769 828 macie
789 786 1007 835 confectus,
1031 787 1150 842 lupus

237 862 360 903 Forte
381 864 580 913 occurrit3
613 864 832 904 salutantes
854 864 949 903 dein
971 864 1143 904 invicem
1363 868 1387 903 5

236 938 297 979 Ut
317 939 565 989 restiterunt,
590 944 615 964 ⁶⁶
634 939 759 980 Unde
780 940 847 987 sic,
871 954 1022 994 quaeso,
1045 938 1179 979 nites?

234 1014 321 1054 Aut
343 1029 424 1069 quo
445 1016 537 1056 cibo
558 1014 685 1055 fecisti
708 1025 867 1056 tantum
888 1014 1098 1069 corporis?

236 1089 338 1145 Ego,
362 1090 432 1145 qui
453 1105 542 1130 sum
562 1090 684 1145 longe
706 1090 860 1138 sortior,
884 1105 1005 1144 pereo
1026 1089 1169 1130 fame.''

235 1165 359 1205 Canis
381 1165 628 1220 simpliciter,
654 1170 679 1189 ⁶⁶
699 1165 854 1206 Eadem
876 1174 935 1205 est
956 1165 1134 1206 conditio
1156 1165 1242 1214 tibi,

236 1239 438 1281 Praestare
459 1240 624 1281 domino
646 1240 679 1280 si
700 1255 773 1295 par
793 1240 970 1281 officium
992 1241 1144 1295 potes.”
1335 1243 1385 1279 lo

235 1319 260 1338 ‘⁶
284 1314 469 1362 Quod?”
501 1316 636 1370 inquit
657 1315 736 1355 ille.
800 1319 825 1339 ‘⁶
841 1315 987 1356 Custos
1010 1324 1055 1355 ut
1076 1315 1127 1354 sis
1148 1314 1312 1362 liminis,

234 1390 273 1430 A
295 1389 454 1430 furibus
476 1390 624 1430 tuearis
646 1399 686 1430 et
708 1399 831 1429 noctu
851 1388 1057 1429 domum.'’

235 1469 260 1488 ‘⁶
284 1463 374 1518 Ego
388 1462 485 1503 vero
506 1478 595 1503 sum
616 1473 804 1518 paratus:
837 1477 947 1503 nunc
967 1462 1100 1516 patior
1120 1461 1232 1502 nives

234 1539 488 1594 Imbresque,
511 1539 553 1579 in
574 1539 694 1594 sylvis
715 1553 899 1594 asperam
920 1539 1045 1578 vitam
1066 1538 1255 1586 trahens;

1362 1617 1378 1625 nr

234 1615 402 1663 Quanto
423 1625 483 1655 est
502 1614 658 1655 facilius
678 1615 778 1654 mihi
799 1615 874 1655 sub
898 1624 1004 1654 tecto
1025 1614 1172 1662 vivere,
1333 1615 1381 1653 lo

899 1690 940 1731 Ξ),

233 1691 288 1732 Et
309 1692 481 1732 otiosum
502 1691 615 1747 largo
636 1691 772 1732 satiari
793 1691 882 1731 cibo

232 1775 312 1809 here
338 1775 547 1809 understood
566 1790 574 1815 ;
601 1775 617 1808 Ι
633 1782 723 1809 must
739 1787 781 1820 go
877 1778 896 1807 9
923 1775 987 1807 Est
1003 1774 1065 1814 tibi,
1083 1785 1159 1818 may
1176 1775 1217 1807 be
1234 1784 1348 1817 ,νοω-5.

232 1821 364 1873 SlOWl-VJ
389 1866 397 1875 x
435 1868 440 1873 ⁴
597 1867 604 1873 ‚
879 1837 914 1866 Il
945 1834 1055 1870 Quod:
1074 1833 1207 1877 officium
1219 1832 1246 1866 is
1260 1833 1382 1867 under-

277 1870 296 1900 2
324 1868 397 1899 Sme
411 1872 535 1907 vzrtute,
564 1867 708 1901 Wlthout
726 1867 783 1901 the
831 1879 942 1912 stood.

231 1923 347 1956 power
364 1913 404 1946 of
417 1913 569 1957 carrying
585 1913 636 1946 his
654 1915 781 1947 threats
876 1933 1000 1972 Custos,
1045 1932 1131 1964 cam-s
1168 1932 1214 1965 ait
1259 1930 1379 1965 under,

231 1958 304 1991 into
323 1959 517 2010 execution.
674 2004 679 2010 ι
829 1977 929 2011 stood

277 2008 297 2038 6
331 2005 426 2037 Unde
451 2016 506 2044 εις,
529 2005 623 2048 lupus
647 2008 691 2035 (ιη’
721 2015 781 2036 un·
935 2004 942 2011 ’
1211 2037 1218 2043 ,

233 2050 405 2084 ἀθῑεῒοοᾱ,
883 2040 921 2069 13
949 2038 1036 2081 Ego,
1068 2037 1164 2080 lupus
1186 2041 1232 2070 att
1258 2035 1363 2070 under

286 2097 380 2128 Unde
396 2097 439 2128 sic
466 2098 556 2135 nites,
585 2096 661 2129 how
690 2094 718 2128 is
754 2095 780 2128 it
831 2082 941 2116 5Ῐοοἀ-

232 2141 307 2174 that
323 2153 392 2186 you
409 2153 466 2175 are
483 2154 521 2175 so
540 2142 661 2175 sleek?
879 2146 917 2176 16
949 2144 1089 2177 Otiosum
1101 2155 1112 2176 .·
1144 2155 1192 2176 me
1213 2142 1240 2175 is
1260 2141 1379 2176 under-

281 2190 300 2220 7
328 2188 447 2221 Fecisti
484 2193 607 2220 tantum
640 2189 788 2230 corporis,
838 2189 951 2223 stood,

233 2233 319 2267 have
334 2245 402 2279 you
426 2240 484 2278 got
502 2245 540 2268 so
557 2233 657 2268 much
675 2234 757 2266 flesh
773 2234 788 2267 ’Β
