1503 2532
234 200 286 237 50

570 209 746 237 PHAEDm
781 211 1049 240 FABULARUM
1098 201 1102 205 ’

232 328 433 383 Idemque
453 328 604 383 insigni
625 338 665 369 et
684 327 854 384 pulchra
877 329 977 371 facie
998 330 1140 371 filium.

234 402 293 443 Hi
315 403 538 457 speculum,
562 404 605 443 in
625 403 820 445 cathedra
841 405 982 446 matris
1003 415 1050 447 ut
1068 408 1244 462 positum
1266 408 1356 458 fuit,

233 477 451 518 Pueriliter
470 477 671 528 ludentes,
694 479 799 520 forte
820 480 1094 536 inspexerant.

232 554 313 594 Hic
335 569 376 595 se
396 554 618 595 formosum
633 555 786 610 jactat3
817 556 887 597 illa
908 557 1106 606 irascitur,

231 631 318 672 Nec
338 631 551 687 gloriantis
572 632 743 673 sustinet
765 632 900 673 fratris
914 633 1041 688 jocos,
1360 641 1385 677 5

231 707 449 761 Accipiens
474 707 593 763 (quid
614 708 724 748 enim
737 707 773 759 P)
799 718 945 749 cuncta
966 709 1007 749 in
1029 711 1331 752 contumeliam.

232 782 344 837 Ergo
363 782 415 823 ad
430 792 589 837 patrem
610 783 802 830 decurrit,
824 783 972 825 laesura
993 785 1177 834 invicem,

229 856 470 911 Magnaque
490 856 643 896 invidia
664 857 904 896 criminatur
926 857 1070 906 filium,

227 931 303 971 Vir
325 941 444 972 natus
466 931 578 987 quod
599 946 686 972 rem
708 931 969 972 foeminarum
991 933 1183 988 tetigerit.

227 1006 453 1060 Amplexus
475 1006 542 1047 ille
562 1016 797 1062 utrumque,
820 1017 862 1047 et
881 1021 1049 1062 carpens
1069 1007 1218 1057 oscula,

1332 1011 1381 1049 10

226 1083 482 1138 Dulcemque
503 1083 544 1123 in
565 1083 705 1123 ambos
726 1083 937 1123 caritatem
958 1083 1149 1137 partiens,

225 1164 249 1182 ‘⁵
268 1159 503 1207 Quotidie,”
524 1159 670 1214 inquit,
696 1163 721 1182 ‘⁶
738 1158 901 1213 speculo
922 1174 991 1199 vos
1012 1159 1072 1199 uti
1094 1159 1184 1200 volo
1201 1175 1211 1209 3

225 1233 294 1273 Tu
315 1232 488 1273 formam
508 1248 560 1273 ne
575 1247 810 1287 corrumpas
828 1233 1023 1288 nequitiae
1043 1233 1182 1282 malis3

226 1309 290 1350 Tu
313 1308 456 1350 faciem
477 1319 522 1349 ut
543 1309 659 1349 istam
682 1309 862 1349 moribus
884 1309 1019 1349 vincas
1039 1309 1194 1350 bonis.”

599 1431 846 1472 FABULA
881 1431 1003 1472 VIII.

588 1521 789 1548 SOCRATIS
821 1520 1003 1548 DICTUM.

226 1593 436 1632 &summa
458 1590 577 1631 amici
598 1605 760 1638 nomen,
783 1590 854 1630 sed
873 1604 965 1630 rara
986 1600 1046 1630 est
1065 1590 1177 1630 fides.

1326 1592 1373 1631 15

281 1667 387 1709 Cum
409 1681 552 1722 parvas
568 1666 676 1707 aedes
697 1666 772 1706 sibi
793 1665 1003 1706 fundasset
1027 1666 1223 1714 Socrates,

266 1791 289 1822 4
318 1788 392 1825 Hie,
409 1786 464 1825 he,
480 1785 539 1819 the
556 1785 707 1819 brother.

268 1836 311 1867 Sc
327 1849 335 1865 .-
366 1845 432 1866 esse
448 1832 476 1865 is
490 1831 709 1866 understood.

268 1884 288 1913 6
329 1880 414 1916 Quid
461 1880 552 1917 enim,
599 1877 651 1910 for
694 1877 773 1911 how

221 1926 323 1961 could
338 1926 398 1958 she
415 1924 460 1957 do
478 1923 682 1957 otherwise?

270 1976 290 2006 9
318 1973 399 2004 Rem
407 1971 625 2014 jicminarzmz,
638 1980 657 2001 a
673 1969 775 2013 lady's

222 2019 333 2053 toilet.

274 2068 314 2099 13
342 2065 394 2097 Tu
407 2079 416 2096 .·
441 2063 485 2096 hc
502 2063 581 2095 here
598 2061 775 2095 addresses

221 2112 280 2146 the
306 2110 456 2144 brother.

268 2158 386 2196 Marte,
403 2157 448 2201 by
465 2154 523 2188 the
540 2152 731 2188 blemishes.

270 2206 311 2237 14«
340 2204 403 2242 Tu,
443 2202 524 2235 here
556 2200 614 2234 the
649 2200 711 2244 girl
742 2199 771 2233 is

219 2249 412 2283 addressed.

871 1788 910 1818 15
937 1785 1043 1820 Fides.
1076 1784 1244 1829 sincerity,
1283 1785 1373 1829 good

819 1830 914 1864 faith.

871 1880 909 1910 16
936 1877 1090 1916 Socrates,
1124 1888 1164 1909 an
1200 1875 1370 1910 Athenian

821 1922 1048 1968 philosopher,
1111 1922 1169 1956 the
1218 1934 1280 1956 son
1336 1922 1377 1955 of

827 1968 1086 2013 Sophroniscus,
1134 1980 1154 2001 a
1208 1974 1369 2013 statuary.

824 2015 960 2059 Having
992 2015 1126 2048 studied
1166 2014 1370 2059 philosophy

822 2061 930 2094 under
972 2061 1158 2094 Archelaus
1198 2060 1264 2094 and
1298 2062 1369 2092 An-

821 2118 992 2151 axagoras,
1021 2107 1064 2141 he
1089 2105 1281 2140 undertook
1309 2105 1367 2139 the

821 2153 919 2187 office
936 2152 975 2186 of
999 2164 1018 2186 a
1037 2153 1150 2198 public
1173 2153 1366 2191 instructor,

818 2199 884 2233 and
939 2199 998 2233 the
1044 2206 1134 2232 most
1180 2198 1366 2232 illustrious

819 2245 942 2285 youths
982 2254 1017 2279 οι
1060 2245 1190 2279 Athens
1229 2245 1365 2278 became
