1503 2532
215 191 270 229 56
551 198 726 227 mmmm
760 196 1036 226 FABULARUM
1079 183 1082 185 ’

215 307 287 348 Lis
308 306 362 348 ad
382 305 518 347 forum
542 306 719 347 deducta
739 314 811 354 est,
833 303 954 359 vesp&
970 304 1132 358 judice:

215 382 334 431 Quae,
356 397 486 437 genus
508 390 730 436 utrumque
751 379 889 421 nosset
910 379 1004 421 cum
1025 377 1312 434 pulcherrime,

213 458 371 513 Legem
393 457 553 498 duabus
574 457 680 497 hanc
700 456 912 511 proposuit
930 455 1127 511 partibus,

214 538 240 558 ‘⁶
263 532 359 574 Non
380 533 671 573 inconveniens
692 546 851 586 corpus,
870 540 911 571 et
931 544 1005 585 par
1026 539 1086 570 est
1102 529 1225 578 color,

214 607 266 648 In
287 607 461 648 dubium
482 605 604 662 plane
625 621 688 647 res
710 615 756 646 ut
775 604 923 646 merito
943 605 1124 645 venerit:
1344 607 1368 643 5

217 682 312 731 Sed,
335 696 387 722 ne
408 681 553 737 religio
574 689 714 736 peccet
734 679 969 734 imprudens
990 693 1092 726 mea,

214 757 340 797 Alvos
361 756 544 811 accipite,
568 765 609 796 et
629 755 731 795 ceris
752 769 853 809 opus
874 753 1090 801 infundite,

214 832 276 872 Ut
296 847 349 872 ex
368 845 511 886 sapore
531 829 663 870 mellis
684 839 725 870 et
745 827 874 869 form&
896 827 988 876 favi,

212 906 278 946 De
299 904 390 960 quis
412 919 521 945 nunc
543 904 691 960 agitur,
715 912 856 943 auctor
876 901 1024 943 horum
1045 902 1277 956 appareat.'’

213 979 315 1020 Fuci
336 988 546 1027 recusant3
577 978 721 1033 apibus
743 977 922 1018 conditio
943 977 1087 1031 placet.
1319 979 1367 1016 lo

212 1055 252 1095 T
255 1070 333 1095 unc
355 1055 425 1095 illa
445 1053 568 1095 talem
589 1053 753 1094 sustulit
774 1053 1040 1093 sententiam:

214 1135 238 1154 “
261 1130 464 1184 Apertum
486 1139 558 1178 est,
583 1129 671 1184 quis
693 1143 777 1168 non
798 1129 936 1182 possit,
960 1137 1031 1167 aut
1052 1127 1141 1182 quis
1162 1127 1326 1175 fecerim

215 1205 478 1259 Quapropter
498 1205 643 1259 apibus
665 1203 843 1243 fructum
865 1203 1034 1243 restituo
1055 1204 1211 1243 suum.''

271 1281 392 1320 Hane
414 1278 689 1335 praeterissem
709 1278 891 1319 fabulam
909 1278 1083 1326 silentio,

215 1354 258 1394 Si
279 1363 440 1408 pactam
460 1353 541 1393 fuci
562 1367 644 1394 non
665 1351 918 1393 recusassent
939 1351 1077 1391 fidem.
1316 1354 1364 1391 15

596 1484 844 1526 FABULA
878 1485 985 1525 XII.

596 1575 767 1602 AESOPUS
798 1575 982 1601 LUDENS.

217 1648 476 1688 PUERORUM
497 1646 539 1686 in
561 1644 681 1686 turb&
705 1645 872 1700 quidam
888 1645 1100 1684 ludentem
1122 1643 1284 1684 Atticus

214 1721 418 1776 AEsopum
439 1721 612 1762 nucibus
633 1719 727 1761 cum
748 1720 923 1769 vidisset,
946 1719 1106 1767 restitit,

215 1797 271 1837 Et
292 1797 405 1851 quasi
427 1796 602 1836 delirum
624 1796 735 1835 risit:
769 1795 879 1849 quod
900 1794 1023 1834 sensit
1043 1793 1176 1842 simul,

215 1872 384 1913 Derisor
406 1870 538 1925 potius
560 1869 684 1925 quzim
705 1869 964 1917 deridendus,
987 1883 1123 1917 senex,

215 1948 372 1988 Arcum
392 1957 598 1986 retensum
620 1945 755 2000 posuit
775 1945 817 1984 in
838 1943 971 1984 medizi
992 1942 1079 1993 vifi3
1312 1947 1365 1984 ‘20

261 2037 282 2068 3
300 2034 419 2077 Legem
435 2033 528 2073 hanc,
539 2031 634 2065 these
651 2038 764 2064 termS.
862 2032 901 2062 12
926 2031 1047 2062 Possit.-
1062 2030 1178 2073 facere
1197 2028 1252 2062 hos
1268 2031 1365 2073 favos

261 2090 283 2121 4
307 2088 547 2126 Inconvcniens,
564 2085 688 2119 unlike.
814 2075 842 2108 iS
860 2075 1082 2108 understood.

263 2146 282 2175 7
310 2138 417 2183 Opus,
440 2150 526 2184 your
550 2137 654 2178 work,
706 2147 768 2170 our
866 2140 903 2170 18
930 2138 1034 2169 Risit.-
1057 2148 1127 2169 eum
1152 2135 1180 2169 is
1207 2135 1289 2170 here
1305 2147 1366 2169 un-

218 2190 342 2234 honey.
817 2182 992 2216 derstood.

264 2247 284 2276 9
311 2242 399 2283 Quis,
435 2254 455 2275 a
486 2238 695 2273 contractiori
736 2236 777 2270 of
866 2237 975 2276 Simul,
991 2247 1026 2269 as
1044 2247 1127 2269 soon
1145 2246 1192 2268 aS.

219 2290 338 2334 quibus.
