1503 2532
553 218 684 246 mmm
716 216 894 246 mimus.
1240 206 1289 245 13

530 379 776 423 FABULA
810 381 892 422 XI.

476 503 640 532 CERVUS
672 505 728 531 AD
761 504 953 532 FONTEM.

136 597 360 640 LAUDA'rxs
380 599 555 649 utiliora,
579 615 671 655 quae
693 600 992 655 contempseris,

143 673 260 728 Saepe
282 674 466 723 invenir-i,
489 674 577 715 haec
598 676 728 715 exerit
748 676 938 715 narratio.

195 749 263 788 Ad
284 748 439 790 fontem
460 765 614 798 cervus,
637 749 731 791 cum
751 750 930 798 bibisset,
954 751 1112 798 restitit,

142 820 195 864 Et
217 824 257 863 in
278 824 436 880 liquore
456 825 560 865 vidit
579 825 753 881 effigiem
774 840 899 866 suam.

141 897 205 938 Ibi
226 898 325 938 dum
346 913 504 939 ramosa
524 899 674 939 mirans
696 899 835 939 laudat
856 913 1020 947 cornua,
1265 901 1290 937 5

141 973 402 1029 Crurumque
423 989 590 1014 mmiam
612 975 850 1015 tenuitatem
872 975 1086 1029 vituperat,

140 1048 375 1089 Venantum
396 1048 530 1090 subito
551 1049 714 1090 vocibus
736 1050 992 1097 conterritus,

143 1122 222 1163 Per
243 1137 431 1178 campum
452 1122 592 1178 fugere
612 1124 748 1178 eoepit,
771 1133 811 1163 et
831 1138 951 1164 cursu
974 1123 1051 1163 levi

143 1197 275 1238 Canes
295 1197 425 1238 elusit.
489 1198 611 1253 Sylva
633 1207 720 1238 tum
740 1199 899 1253 excepit
920 1198 1063 1245 ferum,

144 1273 194 1313 In
216 1273 295 1329 qu&
316 1274 481 1314 retentis
503 1273 719 1328 impeditus
741 1274 943 1322 cornibus,
1245 1276 1292 1312 10

146 1349 335 1390 Lacerari
355 1350 479 1404 coepit
499 1350 697 1391 morsibus
718 1351 834 1390 saevis
855 1364 1012 1390 canum.

147 1423 268 1463 Tune
289 1423 464 1463 moriens
486 1438 622 1463 vocem
643 1423 747 1463 hanc
768 1422 940 1462 edidisse
961 1423 1132 1462 dicitur:

148 1501 172 1520 ‘⁶
195 1496 233 1538 Ο
255 1511 320 1537 me
340 1495 539 1537 infelicem
557 1497 565 1536 !
597 1497 667 1551 qui
688 1511 795 1536 nunc
817 1496 981 1536 demum
1004 1495 1197 1551 intelligo,

150 1571 280 1612 Utilia
299 1570 399 1611 mihi
421 1569 544 1625 quzim
565 1570 728 1619 fuerint,
752 1585 844 1625 quae
865 1571 1140 1625 despexeram,

151 1646 216 1695 Et,
239 1662 332 1702 quae
351 1646 574 1694 laudfiram,
597 1656 795 1700 quantum
818 1646 948 1686 luctus
969 1646 1221 1686 habuerint.’'
1248 1649 1295 1686 15

199 1763 210 1792 l
242 1759 408 1798 Laudatis,
433 1757 489 1798 ὅτε.
502 1773 513 1795 ,·
548 1757 606 1791 the
624 1768 703 1791 con·
805 1760 843 1790 10
869 1758 1012 1789 Retentis
1039 1758 1203 1800 impeditus
1232 1771 1299 1790 cor-

153 1805 344 1838 struction:
371 1805 457 1837 Hoec
484 1805 624 1837 narratio
650 1816 703 1836 ex·
752 1804 848 1843 nibus,
877 1803 1020 1846 stopped
1045 1803 1087 1847 by
1120 1802 1171 1836 his
1197 1804 1298 1836 horus

152 1852 210 1883 erit
259 1862 308 1889 ea,
353 1862 425 1894 quae
473 1851 704 1894 contempseris,
751 1849 848 1892 being
862 1848 1038 1893 entangled
1053 1849 1084 1881 in
1099 1848 1158 1882 the
1169 1850 1298 1893 boughs

153 1908 239 1940 καῖρε
255 1898 384 1929 inveniri
403 1897 526 1929 utiliora
544 1897 690 1929 laudatis.
749 1895 789 1928 of
798 1895 855 1928 the
873 1903 972 1928 trees·

198 1943 365 1982 Laudatis,
379 1942 458 1975 than
471 1942 568 1975 those
582 1941 703 1985 thingS,
819 1944 838 1974 2
869 1942 977 1973 Vocem
987 1942 1079 1980 hanc,
1091 1940 1154 1974 this
1166 1942 1298 1985 speech.

160 1988 267 2021 which
283 1999 349 2030 you
367 1988 553 2021 commend.
752 1987 848 2021 these
865 1988 986 2020 words.

201 2038 220 2067 6
253 2034 428 2078 Vituperat,
482 2035 568 2067 finds
620 2035 702 2068 fault
803 2037 842 2067 15
868 2035 928 2072 Et,
945 2045 1027 2077 quae,
1043 2032 1124 2072 <5⁴04
1150 2031 1207 2064 the
1219 2042 1298 2063 con-

155 2080 246 2113 with.
520 2101 523 2104 ›
754 2079 918 2113 struction
933 2091 941 2113 :
968 2080 1016 2112 Et
1033 2083 1182 2121 quantum
1199 2078 1300 2109 luc-tris

202 2129 220 2158 7
251 2125 436 2165 Venantum,
453 2125 505 2159 sor
528 2129 706 2160 venantium
754 2137 793 2160 ea
806 2127 980 2165 habuerint,
998 2136 1068 2169 qaae
1084 2124 1258 2156 laudaram.

161 2172 326 2206 hominum.
957 2185 965 2192 '
