1503 2532
532 222 664 250 LIBER
693 221 874 250 PRIMUS.
1025 241 1028 244 -
1265 226 1278 250 Ι

141 337 208 380 Illi
229 337 454 392 impudenti
475 350 630 391 pennas
650 337 830 391 eripiunt
849 336 927 385 avi,

142 414 384 469 Fugantque
404 413 554 454 rostris.

618 412 732 453 Male
752 412 983 461 mulctatus,
1006 411 1194 468 graculus

142 489 294 531 Redire
314 504 490 529 moerens
510 489 636 543 eoepit
655 488 708 529 ad
728 489 940 543 proprium
959 502 1113 544 genus;

140 564 178 604 A
200 579 280 620 quo
303 564 497 619 repulsus,
521 565 677 604 tristem
698 564 892 604 sustinuit
911 572 1063 604 notam.

140 639 249 680 Tum
272 639 438 691 quidam
459 654 511 679 ex
531 638 620 687 iilis,
644 654 744 694 quos
767 637 879 693 prius
901 639 1154 693 despexerat,
1263 643 1287 677 5

140 719 165 738 “
184 714 412 754 Contentus
431 714 578 755 nostris
599 714 632 754 si
653 713 794 755 fuisses
815 714 990 762 sedibus,

141 788 207 837 Et,
230 789 340 844 quod
361 799 506 830 natura
526 789 706 839 dederat,
729 789 920 830 voluisses
941 789 1038 844 pati,

142 865 227 906 Nec
248 865 356 906 illam
381 876 572 920 expertus
594 881 698 906 esses
719 865 1021 914 contumeliam,

141 939 229 981 Nec
250 941 354 981 hanc
374 941 578 996 repulsam
602 951 672 981 tua
692 940 860 981 sentiret
880 939 1122 981 calamitas.’'

538 1197 782 1239 FABULA
816 1197 890 1237 IV.

266 1330 390 1360 CANIS
423 1329 506 1356 PER
538 1327 737 1355 FLUVIUM
769 1326 948 1353 CARNEM
982 1325 1159 1352 FERENS.

143 1437 339 1477 Ammv
360 1431 507 1474 merito
522 1431 745 1486 proprium,
765 1430 832 1484 qui
849 1429 1027 1469 alienum
1047 1429 1213 1483 appetit.
1243 1432 1289 1468 10

201 1511 337 1559 Canis,
361 1523 433 1564 per
455 1508 607 1548 flumen
630 1520 791 1547 carnem
813 1506 911 1545 dum
932 1504 1056 1545 ferret
1076 1514 1232 1549 natans,

146 1586 430 1642 Lympharum
452 1585 494 1624 in
516 1582 678 1631 speculo
699 1582 800 1622 vidit
820 1581 1077 1621 simulacrum
1101 1595 1232 1627 suum,

145 1663 368 1717 Aliamque
389 1659 573 1715 praedam
594 1662 645 1698 ab
666 1657 744 1698 alio
766 1656 859 1697 ferri
881 1665 1042 1711 putans,

190 1827 210 1856 2
237 1823 379 1865 Fugant,
395 1833 466 1854 eum
484 1820 511 1853 is
532 1819 611 1853 here
633 1830 694 1851 un-

145 1869 317 1904 derstood.

192 1913 288 1947 Male
329 1913 507 1952 mulctatus,
545 1910 695 1954 severely

144 1960 320 2006 punished.

190 2009 212 2041 4
241 2007 376 2039 Tristem
418 2009 536 2045 notam,

145 2052 238 2087 mark
256 2051 296 2085 of
307 2051 466 2094 disgrace.

191 2103 212 2133 5
239 2099 395 2135 Quidam:
426 2097 526 2140 inquit
556 2095 584 2128 is
618 2094 697 2127 here

147 2143 368 2179 understood.

194 2191 252 2223 Ex
283 2191 362 2223 illis.-
392 2189 532 2232 graculis
560 2187 588 2220 is
616 2186 696 2221 here

146 2236 365 2270 understood.

194 2286 214 2315 6
240 2282 367 2315 Nestus
379 2280 510 2320 sedibus,
533 2279 611 2312 with
635 2289 698 2311 our

147 2328 282 2363 station.

577 2014 597 2035 a
637 2002 696 2034 sad

787 1821 808 1849 8
835 1818 908 1849 Nec
930 1822 1080 1859 arpertus
1107 1830 1198 1857 esses,
1225 1831 1291 1862 you

743 1863 854 1896 would
898 1862 1029 1897 neither
1066 1864 1152 1897 have
1194 1876 1293 1908 expc-

741 1909 885 1943 rienced.

792 1959 831 1989 10
857 1956 1012 1994 Alienum,
1023 1953 1097 1988 that
1112 1955 1221 1988 which
1239 1957 1294 1988 bc·-

742 2001 837 2045 longs
855 2008 892 2035 to
909 2001 1060 2034 another.

793 2050 827 2081 ll
859 2050 1002 2087 Carnem,
1050 2058 1070 2080 a
1117 2046 1210 2091 piece
1261 2047 1294 2078 of

743 2093 836 2128 flesh.

794 2143 832 2173 1⁶2
856 2139 1079 2183 Lympharum
1099 2139 1131 2170 in
1154 2138 1291 2180 speculo,

742 2187 774 2219 in
792 2186 851 2219 the
869 2191 994 2229 watery
1007 2184 1134 2217 mirror.

795 2235 833 2265 13
859 2232 949 2263 Alie.-
978 2243 1056 2262 cane
1082 2230 1109 2262 is
1131 2229 1210 2262 here
1236 2239 1294 2260 un-

745 2277 916 2312 derstood.

679 2377 762 2411 134
