1503 2532
224 199 278 236 54
572 207 749 235 PHAEDm
784 204 1055 233 FABULARUM

232 327 493 366 Accusatores
513 324 773 380 postularunt
793 323 1022 370 mulierem,

226 400 486 455 Romamque
504 408 797 454 pertraxerunt
816 398 869 438 ad
890 397 1177 438 centumviros.

225 475 414 531 Maligna
435 476 636 516 insontem
656 474 852 529 deprimit
870 473 1058 527 suspicio,

225 549 351 597 Quod
371 551 479 591 bona
497 550 724 605 possideat3
757 558 867 590 stant
886 548 1063 603 patroni,
1085 547 1246 588 fortiter

224 626 401 667 Causam
423 635 583 666 tuentes
604 625 831 665 innocentis
852 623 1049 664 foeminae.
1360 638 1385 661 a

224 702 262 741 A
284 701 379 741 divo
401 687 591 757 Augusto
613 710 711 741 tunc
731 699 886 755 petiere
901 699 1074 754 judices,

225 777 286 817 Ut
305 777 520 831 adjuvaret
536 776 808 831 jurisjurandi
832 775 969 824 fidem,

223 851 351 898 Quod
372 852 478 906 ipsos
500 865 615 891 error
635 849 901 905 implicuisset
921 849 1114 890 criminiS.

223 926 308 973 Qui
330 935 548 981 postquam
569 925 758 967 tenebras
779 924 949 980 dispulit
969 924 1199 972 calumniae,

223 1002 477 1057 Certumque
498 1001 652 1042 fontem
672 1001 853 1042 veritatis
876 1001 1039 1055 reperit,
1335 1001 1384 1037 10

222 1081 248 1100 “
270 1076 419 1125 Luat,''
441 1077 588 1131 inquit,
613 1080 638 1100 “
654 1091 796 1130 poenas
818 1090 938 1116 causa
957 1075 1126 1116 libertus
1147 1074 1267 1115 mali:

223 1152 415 1206 Namque
435 1151 579 1191 orbam
597 1160 693 1191 nato
714 1150 848 1198 simul,
871 1160 911 1190 et
931 1150 1132 1205 privatam
1153 1149 1253 1198 viro,

224 1226 508 1268 Miserandam
529 1225 678 1281 potius,
696 1224 821 1280 quam
844 1225 1134 1273 damnandam,
1157 1225 1382 1265 existimo.'’

224 1302 350 1351 Quod
371 1303 403 1343 si
425 1302 659 1344 damnanda
679 1310 956 1356 perscrutatus
977 1301 1150 1341 crimina

224 1378 522 1420 Paterfamilias
542 1387 659 1427 esset,
681 1378 714 1418 si
734 1377 995 1417 mendacium
1333 1379 1381 1415 15

226 1454 442 1496 Subtiliter
462 1454 653 1503 limasset‚
675 1468 700 1494 a
719 1453 924 1494 radicibus

223 1529 320 1569 Non
341 1529 550 1569 evertisset
569 1526 720 1567 scelere
740 1526 901 1566 funesto
923 1526 1103 1566 domum.

280 1603 353 1644 Nil
374 1612 540 1658 spernat
559 1602 680 1649 auris,
702 1616 778 1641 nec
799 1611 936 1641 tamen
958 1601 1097 1641 credat
1117 1602 1265 1641 statim.

225 1677 572 1733 Quandoquidem
592 1686 634 1717 et
653 1676 712 1716 illi
733 1685 916 1730 peccant,
936 1690 1037 1731 quos
1058 1675 1228 1716 minime
1248 1688 1379 1730 putes,

225 1753 280 1794 Et
300 1754 371 1808 qui
392 1768 476 1794 non
495 1761 678 1808 peccant,
700 1752 997 1806 impugnantur
1016 1750 1239 1791 fraudibus.
1325 1756 1380 1791 520

280 1829 373 1869 Hoc
393 1829 613 1869 admonere
634 1827 836 1882 simplices
856 1827 978 1867 etiam
998 1836 1142 1881 potest,

225 1903 432 1959 Opinione
452 1903 618 1944 alterius
638 1918 690 1943 ne
711 1902 811 1957 quid
830 1901 1078 1957 ponderent3

270 1991 291 2021 2
318 1988 544 2027 Centumviros,
592 1986 651 2020 the
699 1997 777 2020 cen·
872 1990 892 2019 6
917 1986 1073 2030 Αιιςτιείο,
1108 1987 1296 2029 AugustuS,
1321 1984 1380 2019 the

224 2033 370 2072 tumviri,
403 2033 538 2066 Roman
566 2032 698 2076 Judges,
723 2033 779 2065 be·
826 2031 1012 2065 illustrious
1031 2043 1186 2075 emperor
1202 2030 1243 2065 of
1257 2030 1379 2064 Rome.

224 2081 297 2113 fore
313 2079 426 2112 whom
453 2090 571 2112 causes
589 2078 629 2111 of
656 2078 780 2122 impor-
873 2081 892 2110 7
924 2079 969 2110 Ut
987 2079 1155 2121 adjuvaret
1171 2078 1226 2118 tS-c.
1244 2076 1319 2109 that
1335 2076 1381 2109 he

225 2132 325 2159 tance
344 2136 432 2158 were
457 2124 554 2158 tm'ed.
825 2123 939 2157 would
979 2124 1079 2157 assist
1113 2123 1207 2156 them
1238 2122 1272 2155 in
1312 2121 1380 2155 dis·

272 2175 293 2205 3
319 2171 476 2214 Szcspz'ciO.
530 2171 632 2203 Some
666 2169 777 2203 critics
826 2169 984 2212 charging
1000 2169 1087 2203 their
1104 2170 1187 2213 duty
1204 2167 1379 2212 agreeably

225 2216 309 2250 wish
327 2224 363 2249 to
382 2216 460 2249 read
477 2217 645 2259 suspectio.
827 2222 863 2249 to
878 2215 966 2248 their
982 2216 1075 2249 oath.

273 2265 294 2295 4
319 2263 426 2300 Bona,
444 2262 503 2295 t'ne
527 2268 687 2306 property
705 2260 779 2294 that
871 2264 892 2294 8
918 2262 1035 2303 Error,
1052 2261 1110 2295 the
1123 2260 1320 2306 perplexity.

228 2308 393 2351 belonged
411 2316 447 2341 to
465 2308 525 2340 her
550 2307 715 2341 husband.
