1503 2532
519 238 651 268 L1BER
684 240 899 273 QUARTUS.
1239 233 1292 268 65

133 357 338 410 (Historia
359 372 534 413 quorum
555 359 598 398 in
620 359 799 399 tabernis
819 360 1023 415 pingitur)

130 432 349 488 Fugerent,
372 442 414 473 et
433 443 566 474 arctos
587 435 741 475 circum
764 435 1014 489 trepidarent
1035 449 1166 483 cavos,

128 508 259 564 AEgre
280 510 445 564 recepti,
469 519 605 550 tamen
627 519 843 551 evaserunt
864 526 1016 551 necem.

127 584 263 625 Duces
284 599 438 634 eorum,
455 586 525 640 qui
547 586 747 640 capitibus
769 601 923 627 cornua

129 660 222 700 Suis
242 659 435 716 ligeram,
460 671 505 701 ut
526 662 789 715 conspicuum
812 662 854 701 in
876 662 1018 717 praelio
1262 678 1286 702 ο

126 735 341 777 Haberent
361 737 536 792 signum,
560 737 671 792 quod
691 749 960 792 sequerentur
982 738 1143 787 milites,

125 810 295 850 Haesere
317 810 358 850 in
379 810 519 864 portis,
543 820 720 865 suntque
741 812 848 865 capti
870 812 922 852 ab
944 812 1151 859 hostibus;

126 885 241 933 Quos
267 885 496 926 immolatos
519 886 647 926 victor
666 886 797 926 avidis
818 886 1009 927 dentibus

124 961 297 1015 Capacis
320 961 400 1001 alvi
421 962 562 1002 mersit
584 971 761 1003 tartareo
782 977 917 1017 specu.

178 1034 479 1090 Quemcunque
496 1035 695 1089 populum
710 1036 834 1076 tristis
855 1046 1023 1077 eventus
1040 1038 1203 1091 premit,
1234 1041 1281 1077 10

124 1109 385 1150 Periclitatur
406 1111 647 1165 magnitudo
668 1112 914 1165 principum,

123 1184 289 1225 Minuta
309 1184 446 1239 plebes
467 1184 574 1225 facili
597 1185 788 1239 praesidio
810 1186 921 1227 latet.

534 1353 782 1394 FABULA
816 1355 865 1394 V.

261 1451 476 1479 PHAEDRUS
511 1452 558 1478 IN
593 1453 867 1480 FABULARUM
900 1454 1131 1483 CENSORES-

118 1533 202 1581 TU,
225 1533 309 1588 qui,
332 1542 488 1582 nasute,
511 1533 661 1588 scripta
681 1533 900 1589 destringis
922 1548 1024 1582 mea,

117 1607 173 1648 Et
193 1607 270 1648 hoc
283 1608 473 1662 jocorum
495 1608 629 1664 legere
651 1608 807 1649 fastidis
827 1624 969 1663 genus,

118 1683 254 1724 Parva
272 1684 455 1724 libellum
478 1684 631 1724 sustine
651 1684 861 1739 patientie,
1228 1692 1274 1728 15

118 1759 386 1800 Severitatem
407 1759 551 1800 frontis
572 1760 672 1800 dum
694 1760 809 1814 placo
832 1770 926 1809 tuae,

164 1864 178 1893 1
207 1862 249 1894 In
267 1862 415 1903 taberna,
433 1873 476 1895 on
495 1862 554 1896 the
571 1863 662 1895 walls
777 1865 809 1895 l]
854 1862 1051 1908 sslagniludo
1080 1868 1273 1910 princepum,

115 1906 156 1940 of
168 1907 226 1940 the
242 1907 379 1942 houses.
726 1908 784 1942 the
802 1909 916 1942 chiefs.

117 1999 123 2004 ,
160 1953 663 2006 3ιἘὲὴένεοτῬίῐ,ῑ><ςίηςῒ3κθη
783 1972 822 2001 12
853 1969 958 2002 Facili
994 1973 1153 2014 proesffio,
1187 1973 1219 2005 in
1255 1977 1273 1996 a

115 2005 188 2050 into
217 1999 305 2032 theu·
337 1999 434 2033 holes
452 2001 532 2034 w1th
560 2001 661 2034 much
724 2014 819 2058 place
845 2014 885 2047 Of
911 2015 1029 2060 safety,
1053 2017 1162 2051 Which
1192 2018 1272 2062 they

115 2045 293 2089 d¹fficulty·
344 2093 348 2098 ,
390 2091 397 2097 ,
724 2060 827 2105 easily
844 2061 924 2095 find.

160 2093 179 2123 7
207 2092 423 2134 Inportzs,1n
446 2091 505 2126 the
529 2101 662 2126 entran·
946 2130 951 2135 ,
1000 2130 1005 2135 ,

115 2148 171 2170 ces
188 2136 228 2169 c‚f
240 2137 327 2170 their
341 2137 446 2171 holes·
776 2130 814 2160 13
838 2128 1029 2172 Deslnges,
1047 2130 1170 2163 attack.

163 2186 182 2215 9
212 2184 369 2215 Tartareo
401 2196 510 2227 specu,
536 2184 569 2217 in
601 2184 659 2218 the
774 2189 811 2220 16
838 2189 950 2227 Placo,
970 2187 985 2220 I
1003 2188 1151 2222 smooth.

115 2228 261 2262 horrible
279 2230 386 2273 abyss.
