1503 2532
250 197 302 233 70
556 210 732 236 Pnffinm
761 212 1034 241 FABULARUM

305 307 398 348 Hac
420 322 463 347 re
483 306 621 348 videre
643 318 784 349 nostra
802 309 910 350 mala
930 325 1013 351 non
1035 326 1247 366 possumus
1261 329 1271 339 ·

248 385 332 425 Alii
353 385 473 425 simul
495 384 753 440 delinquunt,
777 400 964 427 censores
985 402 1135 429 sumus.

640 563 890 605 FABULA
924 565 1006 606 IX.

515 690 518 694 ⁴
552 660 638 687 FUB.
671 660 795 687 ARAM
827 661 1088 690 COMPILANS.

243 746 498 786 LUCERNAM
519 744 585 784 fur
605 745 792 786 accendit
812 760 864 785 ex
883 745 953 786 ara
975 746 1098 794 Jovis,

241 820 465 875 Ipsumque
485 820 717 875 compilavit
738 820 792 861 ad
811 820 951 861 lumen
973 836 1105 861 suum.

239 896 426 937 Onustus
447 895 658 952 sacrilegio
679 894 773 936 cum
795 896 1036 945 discederet,
1367 904 1392 940 5

240 970 427 1026 Repente
449 986 592 1012 vocem
613 980 752 1011 sancta
773 971 883 1011 misit
904 971 1071 1027 religi03

235 1052 260 1071 “
276 1046 488 1087 Malorum
509 1046 693 1102 quamvis
714 1047 790 1087 ista
810 1046 963 1087 fuerint
982 1061 1170 1096 munera,

235 1122 429 1178 Mihique
450 1123 590 1170 invisa,
614 1131 660 1162 ut
680 1137 762 1162 non
784 1121 970 1162 offendar
991 1123 1161 1178 subripi,

233 1199 407 1247 Tamen,
430 1198 608 1247 sceleste,
631 1198 776 1253 spiritu
798 1199 961 1253 culpam
982 1198 1082 1247 lues,

234 1274 347 1316 Olim
368 1273 462 1315 cum
482 1274 680 1328 ascriptus
702 1274 859 1314 venerit
880 1288 1017 1328 poenae
1038 1273 1138 1315 dies,
1344 1279 1391 1315 10

235 1350 316 1391 Sed
333 1365 385 1390 ne
405 1350 510 1405 ignis
532 1359 669 1390 noster
690 1348 860 1389 facinori
881 1348 1117 1404 praeluceat‚

232 1426 313 1466 Per
334 1440 456 1481 quem
473 1425 670 1465 verendos
691 1423 842 1464 excolit
862 1425 990 1479 pietas
1011 1425 1121 1474 deos,

228 1503 334 1542 Veto
354 1516 440 1542 esse
462 1500 541 1541 tale
561 1500 726 1541 luminis
748 1500 1077 1541 commercium.'’

230 1578 295 1618 Ita
314 1577 437 1618 hodie
458 1591 532 1617 nec
552 1576 763 1616 lucernam
784 1577 836 1616 de
857 1575 1021 1616 flamma
1045 1576 1180 1624 desim,

229 1654 317 1694 Nec
338 1654 388 1694 de
409 1652 576 1693 lucerna
597 1652 656 1693 fas
677 1662 736 1693 est
757 1652 924 1693 accendi
947 1667 1120 1692 sacrum.
1338 1657 1386 1694 15

284 1729 399 1777 Quot
420 1745 483 1770 res
504 1729 712 1770 contineat
726 1728 803 1769 hoc
824 1738 1115 1783 argumentum
1139 1728 1269 1776 utiles,

227 1804 325 1850 Non
346 1805 566 1859 explicabit
586 1805 701 1854 alius,
725 1802 847 1860 quam
870 1804 941 1858 qui
958 1802 1121 1857 reperit.

275 1902 285 1930 l
317 1898 394 1930 Hac
416 1910 462 1937 re,
480 1896 531 1930 for
554 1897 620 1930 this
638 1908 770 1931 reason.
881 1898 902 1928 8
934 1896 990 1934 Ut,
1008 1906 1046 1928 so
1063 1894 1149 1928 that.

268 1948 290 1978 2
317 1944 429 1984 Simul,
447 1955 484 1976 as
502 1954 586 1976 soon
604 1954 652 1976 as.
882 1941 1031 1984 Subrsspi:
1050 1953 1088 1973 ea
1105 1941 1133 1974 is
1152 1941 1371 1976 understood.

268 1993 290 2024 4
316 1991 367 2023 Ad
393 1990 496 2022 lumen
523 2000 624 2030 suum,
648 1989 692 2032 by
719 1988 770 2022 his
884 1991 921 2021 ll
951 1988 1112 2026 Facinori,
1125 1997 1162 2021 to
1173 1987 1382 2022 thewicked.

221 2048 300 2070 own
317 2035 411 2080 light.
885 2036 923 2066 12
950 2035 1072 2074 Pielas,
1089 2034 1147 2067 the
1165 2034 1274 2078 pious.

267 2084 288 2116 6
312 2083 421 2115 Vocem
432 2081 665 2120 misit,11tte1·ed
675 2080 770 2114 these
884 2083 923 2113 13
952 2080 1032 2113 Tale
1055 2081 1280 2119 commercizmz,
1298 2079 1379 2113 such

222 2129 345 2163 words.
833 2138 874 2160 an
892 2126 1121 2170 interchange.

266 2176 402 2219 Religio,
416 2174 476 2208 the
489 2174 591 2218 deity,
605 2181 641 2206 to
654 2172 764 2206 whom
881 2175 919 2205 15
932 2173 1064 2206 Sacrum
1076 2184 1088 2205 .-
1102 2174 1203 2217 ignem
1217 2171 1245 2205 is
1258 2171 1380 2204 under-

219 2221 278 2256 thc
295 2221 380 2256 altar
400 2233 466 2255 was
483 2219 671 2254 dedicated.
829 2219 941 2253 stood.
