1503 2532
213 204 264 243 18
543 214 718 242 Pmssnm
751 214 1022 242 FABULARUM

209 332 323 380 Quas
344 342 389 372 ut
409 332 592 382 vitemus,
614 347 752 373 versus
773 332 941 387 subjecti
963 343 1142 373 monent.

268 408 391 449 Canis
412 409 654 462 parturiens,
677 407 772 448 cum
792 406 974 464 rogesset
993 407 1163 448 alteram

214 482 274 522 Ut
293 482 438 522 foetum
459 482 501 521 in
522 483 608 536 ejus
630 481 795 538 tugurio
816 481 1050 536 deponeret,

214 557 349 597 Facile
372 558 625 612 impetravit:
658 557 753 597 dein
774 557 998 611 reposcenti
1019 557 1154 598 locum

210 633 355 673 Preces
376 633 568 681 admovit,
592 643 751 688 tempus
772 648 944 673 exorans
965 633 1100 682 breve,
1339 637 1364 674 5

213 707 327 747 Dum
349 692 547 747 firmiores
569 706 721 747 catulos
742 716 877 761 posset
896 706 1056 747 ducere.

214 782 309 823 Hoc
331 798 494 838 quoque
515 787 768 837 consumpto,
791 782 976 837 flagitare
995 780 1166 822 validius

213 858 362 898 Cubile
383 859 530 913 coepit:
564 862 589 882 ‘⁶
607 857 649 897 Si
671 857 771 896 mihi
792 867 833 897 et
853 857 986 897 turbae
1007 871 1109 896 meae

214 934 332 982 Par‚''
355 934 501 989 inquit,
526 938 551 957 ‘⁶
565 948 649 974 esse
670 933 866 988 potueriS‚
889 933 1030 973 cedam
1050 932 1176 973 loco.’'

575 1117 824 1158 FABULA
856 1117 1004 1157 XVII.

594 1253 727 1281 CANES
760 1253 983 1280 FAMELICI.

214 1363 426 1404 STULTUM
446 1363 660 1404 consilium
681 1377 763 1403 non
784 1361 908 1403 modo
929 1362 1074 1403 effectu
1095 1372 1218 1411 caret,
1316 1366 1364 1402 10

213 1439 295 1479 Sed
315 1439 367 1479 ad
388 1439 609 1494 perniciem
631 1453 793 1493 quoque
814 1438 1003 1478 mortales
1024 1438 1202 1479 devocat.

270 1513 441 1553 Corium
462 1513 698 1566 depressum
719 1512 761 1551 in
782 1512 905 1552 fluvio
925 1511 1117 1552 viderunt
1138 1527 1278 1561 canes3

214 1586 263 1627 Id
284 1597 329 1627 ut
349 1602 525 1628 comesse
545 1596 773 1627 extractum
796 1596 959 1640 possent
978 1585 1145 1635 facilius,

213 1662 376 1717 Aquam
397 1662 558 1717 coepere
578 1661 764 1702 ebibere:
797 1661 867 1701 sed
888 1662 997 1716 rupti
1018 1660 1130 1716 prius

216 1737 379 1778 Periere
400 1736 535 1793 quum,
559 1737 670 1793 quod
690 1737 903 1792 petierant,
927 1737 1221 1793 contingerent.
1318 1743 1363 1778 15

259 1872 278 1901 2
304 1870 454 1907 Almam,
495 1881 604 1901 canem
640 1869 760 1902 under·
852 1871 871 1901 9
897 1870 1010 1902 Galam
1047 1871 1124 1910 loeo
1152 1871 1169 1904 I
1193 1871 1260 1905 will
1292 1873 1366 1917 give

213 1915 323 1947 stood.
811 1927 856 1960 up
876 1915 937 1948 the
953 1915 1086 1948 kennel.

863 1965 902 1994 10
930 1963 1006 1994 Non
1027 1961 1117 1994 mod«)
1143 1969 1240 2003 caret,
1258 1963 1285 1997 is
1305 1974 1363 1998 not

814 2007 893 2051 only
911 2007 1064 2042 without.

869 2055 907 2087 14
932 2054 995 2086 Sed
1007 2056 1103 2098 rupti,
1116 2055 1192 2095 &cd
1216 2054 1274 2089 the
1285 2068 1363 2090 con-

819 2100 1009 2150 stinction:
1034 2102 1090 2133 sed
1119 2102 1207 2144 rupti
1237 2104 1363 2145 peric³re

812 2145 882 2196 pjiz
877 2158 902 2177 s·
934 2145 1028 2189 ‹lmim
1057 2149 1270 2199 contingerent
1307 2160 1362 2182 co-

260 2196 279 2222 8
311 2192 437 2230 Turboe,
456 2203 510 2234 my
529 2203 644 2235 young
661 2203 754 2225 ones.
815 2191 910 2231 lium,
928 2193 1011 2236 (ruod
1022 2194 1192 2236 petierant.

259 1982 280 2012 4
306 1981 509 2023 Reposeenli,
555 1981 647 2013 alteri
694 1983 766 2014 cani

215 2026 434 2059 understood.

261 2089 279 2118 7
306 2086 389 2118 Hoc.
430 2087 588 2130 Tempore
604 2086 632 2119 is
649 2087 770 2120 undei-

214 2132 313 2165 stood
