1503 2532
218 218 273 256 20

553 228 731 257 PHAEDRI
766 227 1038 256 FABUL-ARUM

222 347 399 388 Gratum
420 356 535 395 esset,
557 356 599 387 et
618 347 819 387 dedissem
839 347 999 387 veniam
1019 345 1217 402 supplici:

207 421 347 467 *Nunc
369 421 465 475 quia
485 420 656 469 laboras,
681 430 726 461 ut
746 420 893 460 fruaris
913 420 1109 475 reliquiis,

222 495 336 543 Quas
357 504 452 535 sunt
472 496 616 544 rosuri,
640 494 758 535 simul
779 504 820 535 et
840 496 946 550 ipsos
967 495 1148 544 devores,

223 570 319 611 Noli
341 571 542 625 imputare
562 585 714 611 vanum
734 570 981 611 beneficium
1002 570 1141 610 mihi.''

221 647 360 701 Atque
381 646 438 686 ita
456 645 628 694 locutus,
652 645 880 700 improbam
900 645 1011 686 letho
1031 644 1157 685 dedjt.
1350 646 1377 684 5

278 720 371 762 Hoc
392 721 434 761 in
455 736 497 762 se
516 721 672 762 dictum
693 721 844 761 debent
863 720 923 760 illi
942 734 1174 775 agnoscere,

221 795 409 843 Quorum
430 806 587 850 privata
606 797 728 836 servit
749 795 900 835 utilitas
921 795 1012 844 sibi,

223 870 277 911 Et
297 871 491 913 meritum
511 871 633 911 inane
648 871 809 925 jactant
829 868 1170 924 imprudentibus,

606 1001 853 1043 FABULA
886 1000 992 1041 XX.

629 1092 753 1119 CANIS
785 1092 968 1118 FIDELIS.

224 1167 434 1206 REPENTE
455 1164 633 1206 liberalis
654 1164 786 1204 stultis
807 1173 946 1219 gratus
967 1172 1039 1212 est,

222 1240 377 1282 Verum
397 1241 537 1295 peritis
557 1241 691 1280 irritos
713 1240 844 1280 tendit
864 1239 990 1279 dolos.

1325 1241 1374 1278 10

279 1318 514 1357 Nocturnus
535 1314 629 1357 cum
650 1315 716 1355 fur
736 1330 885 1370 panem
905 1315 1078 1355 misisset
1097 1315 1199 1362 cani,

222 1393 397 1446 Objecto
418 1402 578 1432 tentans
599 1406 651 1431 an
672 1391 762 1431 cibo
782 1399 917 1445 posset
938 1390 1039 1444 capi,

222 1473 246 1492 “
270 1467 398 1515 Heus,
413 1468 483 1515 si,''
498 1467 644 1521 inquit,
661 1466 877 1520 “linguam
890 1466 948 1505 vis
962 1479 1094 1504 meam
1107 1464 1371 1519 praecludere,

222 1542 287 1582 Ne
307 1542 453 1582 latrem
473 1557 547 1596 pro
568 1556 611 1581 re
632 1541 799 1589 domini,
822 1539 1000 1580 multum
1020 1539 1192 1579 falleris:

222 1617 413 1672 Namque
433 1617 510 1657 ista
528 1617 663 1657 subita
682 1630 747 1655 me
762 1616 883 1670 jubet
903 1615 1131 1669 benignitas

271 1714 283 1743 l
316 1712 467 1744 Gratum.
504 1710 595 1744 Milaz·
607 1709 636 1743 is
653 1710 774 1744 under-

222 1758 335 1790 stood.

268 1804 423 1846 Supplici.
485 1803 557 1835 Tibi
588 1802 617 1836 is
649 1801 772 1835 under·

221 1850 335 1882 stood.

267 1898 288 1928 3
313 1896 431 1927 Rosam·
455 1899 539 1928 sunl.
592 1894 713 1927 Mures
748 1893 777 1926 is

223 1941 442 1975 understood.

268 1991 289 2019 5
321 1988 514 2030 Improbum,
536 1986 595 2020 the
615 1985 774 2019 deceitful

224 2033 356 2067 weasel.

271 2082 291 2112 6
318 2080 359 2111 ln
376 2090 420 2118 se,
437 2077 566 2121 against
583 2077 688 2111 them.

270 2127 289 2157 7
329 2126 471 2161 Quorum
521 2126 662 2168 privata,
705 2123 774 2163 effe„

224 2171 340 2204 whose
359 2170 502 2203 services
520 2181 576 2203 are
596 2168 773 2214 profitable

223 2224 259 2249 to
270 2216 472 2250 themselves
490 2216 596 2256 alone,
613 2215 679 2249 and
696 2214 773 2249 who

1322 1616 1371 1653 15

822 1710 918 1742 boast
945 1709 1060 1742 before
1087 1709 1145 1743 the
1184 1709 1301 1753 simple
1338 1709 1378 1741 of

823 1755 910 1788 their
928 1756 1113 1799 pretended
1130 1755 1241 1799 public
1263 1755 1370 1788 merit.

866 1804 886 1834 9
911 1802 1077 1834 Liberalis.
1126 1802 1232 1834 Homo
1248 1801 1276 1834 is
1294 1800 1372 1834 here

820 1847 1040 1881 understood.

874 1895 913 1926 10
939 1894 1052 1926 Irrilos
1083 1893 1182 1925 tendit
1208 1893 1305 1932 dolos,
1330 1892 1371 1925 lie

821 1939 891 1983 lays
909 1950 1022 1972 snares
1040 1939 1073 1971 in
1090 1938 1177 1972 vain.

871 1987 908 2017 ll
937 1985 1092 2024 affixisset,
1114 1984 1181 2017 had
1203 1983 1347 2017 thrown.

871 2032 910 2063 12
937 2032 1027 2075 Capi,
1045 2032 1085 2064 be
1102 2029 1227 2063 bribed.

870 2078 911 2109 14
937 2078 1003 2109 Pro
1032 2090 1067 2110 re
1089 2077 1213 2115 domini,
1237 2083 1274 2108 to
1297 2086 1371 2119 pre·

820 2133 914 2155 serve
950 2123 1009 2157 the
1049 2128 1207 2168 property
1247 2120 1287 2154 of
1315 2133 1368 2165 my

819 2174 954 2202 master.
