1503 2532
398 501 693 548 PHAEDRI
732 500 1179 549 FABULARUM

528 687 531 690 ⁴
565 659 729 695 LIBER
759 658 1002 696 TERTIUS.

617 999 958 1041 PROLOGUS.

213 1130 396 1172 PHAEnnl
419 1131 577 1172 libellos
598 1132 731 1188 legere
751 1133 783 1172 si
805 1133 1019 1181 desideras,

210 1205 337 1246 Vaces
358 1215 529 1261 oportet,
555 1205 753 1261 Eutyche,
775 1222 799 1247 a
819 1208 1004 1262 negotiis,

212 1281 270 1321 Ut
291 1281 392 1321 liber
413 1281 571 1321 animus
592 1282 738 1321 sentiat
758 1282 839 1321 vim
861 1282 1061 1322 carminis.

210 1362 235 1380 “
258 1355 426 1405 Versim,
443 1357 465 1374 ''
488 1357 634 1412 inquit,
659 1361 685 1381 “
699 1357 801 1397 tanti
816 1372 897 1397 non
914 1368 974 1398 est
995 1358 1203 1413 ingenium
1227 1368 1355 1406 tuum,

209 1432 471 1472 Momentum
492 1442 537 1472 ut
556 1431 669 1473 horae
689 1443 828 1487 pereat
847 1432 986 1473 officiis
1007 1434 1144 1474 meis.''
1331 1438 1355 1473 Ξ·

210 1507 305 1547 Non
326 1522 422 1563 ergo
444 1522 564 1548 causa
584 1517 644 1548 est
663 1508 851 1548 manibus
872 1508 914 1548 id
936 1510 1046 1564 tangi
1070 1510 1161 1557 tuis,

209 1583 333 1630 Quod
353 1583 556 1637 occupatis
578 1583 745 1623 auribus
767 1598 849 1623 non
871 1585 1071 1624 convenit.

211 1657 394 1698 Fortasse
415 1657 535 1706 dices,
560 1662 585 1681 ‘⁴
600 1657 765 1713 Aliquae
786 1659 949 1699 venient
969 1659 1093 1707 feriae,

207 1734 313 1780 Quae
334 1749 399 1774 me
419 1734 551 1775 soluto
571 1743 734 1789 pectore
753 1734 805 1775 ad
826 1735 1006 1775 studium
1028 1736 1207 1775 vocent.'’

209 1809 404 1865 Legesne,
428 1824 579 1864 quaeso,
602 1808 736 1863 potins
757 1809 854 1850 viles
875 1811 1040 1858 naenias,
1308 1814 1355 1849 10

251 1943 271 1971 2
302 1939 420 1971 Vaces:
449 1944 483 1971 ut
500 1938 528 1971 is
551 1937 760 1972 understood
853 1941 875 1972 4
907 1940 1014 1979 Tanti,
1037 1940 1077 1973 os
1099 1952 1136 1973 so
1166 1941 1265 1974 much
1297 1941 1356 1974 im-

206 1984 321 2018 before
337 1996 441 2017 υαεεε.
808 1992 980 2028 portance.

255 2034 275 2064 3
302 2031 410 2070 Liber,
426 2029 523 2074 being
543 2030 757 2075 disengaged.
854 2033 873 2063 7
903 2033 1085 2075 Occupatis,
1097 2033 1277 2067 otherwise
1288 2045 1354 2067 em-

255 2078 319 2109 Vim
334 2077 490 2116 carminis,
504 2076 562 2110 the
580 2077 639 2110 full
664 2077 757 2111 force
807 2076 942 2121 ployed.

206 2123 271 2156 and
290 2123 445 2167 meaning
458 2122 499 2157 of
510 2123 569 2156 the
587 2129 717 2167 poetry.
