1503 2532
501 200 632 228 mmm
665 201 880 233 QUARTUS.
1239 194 1294 233 73

506 366 752 408 FABULA
786 369 914 409 XIII.

481 464 608 492 HOMO
642 466 694 492 ET
727 467 941 494 COLUBRA·

139 543 228 590 QU1
253 543 331 583 fert
352 543 467 584 malis
487 545 700 594 auxilium,
723 556 813 600 post
835 556 993 601 tempus
1017 547 1139 588 dolet.

194 617 304 657 Gelu
326 617 525 672 figentem
547 619 714 673 quidam
736 619 945 660 colubram
967 621 1142 669 sustulit,

135 691 320 746 Sinuque
341 691 452 740 fovit,
477 702 619 733 contra
639 707 680 733 se
702 693 786 747 ipse
807 694 1056 743 misericors3

137 767 325 821 Namque
347 777 391 807 ut
413 766 560 807 refecta
580 778 652 816 est,
675 769 811 808 necuit
831 768 1038 809 hominem
1061 769 1259 823 protinus.

134 841 255 882 Hanc
277 841 356 882 alia
376 840 468 881 cum
490 852 651 896 rogaret
672 857 832 883 causam
854 843 1055 892 facinoris,
1261 849 1285 884 5

135 917 376 971 Respondit,
402 921 427 941 “
451 917 514 958 Ne
536 918 625 972 quis
647 918 775 959 discat
795 918 985 973 prodesse
1006 919 1238 973 improbis.’'

509 1097 755 1139 FABULA
789 1099 911 1138 XIV.

492 1194 654 1221 VULPES
687 1194 739 1221 ET
772 1194 926 1221 DRACO.

130 1274 319 1322 VULI’Es,
342 1272 476 1314 cubile
496 1272 664 1321 fodiens,
687 1273 786 1313 dum
808 1283 958 1313 terram
979 1273 1098 1321 eruit,

131 1350 314 1404 Agitque
335 1348 471 1403 plures
492 1346 613 1388 altius
633 1347 854 1396 cuniculos,

130 1425 321 1466 Pervenit
341 1424 393 1464 ad
414 1424 599 1464 draconis
621 1423 854 1478 speluncam
877 1423 1077 1471 ultimam,

129 1500 397 1542 Custodiebat
419 1499 490 1554 qui
512 1498 720 1539 thesauros
741 1499 913 1539 abditos.
1230 1500 1279 1538 lo

131 1576 255 1616 Hunc
276 1574 396 1615 simul
417 1574 586 1629 aspexit,
611 1579 637 1598 ‘⁶
660 1574 759 1622 Oro,
782 1583 829 1614 ut
849 1573 1140 1628 imprudentiae

126 1651 208 1691 Des
229 1648 408 1705 primum
430 1650 613 1697 veniam3
645 1649 806 1697 deinde,
829 1649 861 1688 si
882 1635 1053 1704 pulchre
1075 1648 1200 1696 vides,

125 1725 261 1774 Quam
282 1741 364 1767 non
386 1726 628 1766 conveniens
648 1740 794 1766 aurum
815 1725 866 1764 sit
887 1725 981 1764 vitae
1003 1738 1118 1772 meae,

128 1803 390 1857 Respondeas
412 1801 657 1842 clementer:
693 1800 828 1848 Quem
850 1799 1029 1840 fructum
1050 1799 1160 1854 capis

171 1908 191 1938 5
211 1905 329 1938 Hanc:
344 1905 502 1938 colubram
514 1903 542 1937 is
556 1902 678 1937 under·
775 1903 810 1934 11
842 1902 916 1941 Oro,
942 1901 1055 1944 vulpes
1078 1904 1123 1933 att
1156 1900 1279 1934 under-

125 1950 238 1985 stood.
726 1946 838 1981 stood.

174 1997 263 2030 Alia.-
282 1996 410 2028 colubra
423 1994 451 2028 is
464 1994 544 2029 here
557 1993 679 2028 under·
768 1993 1011 2036 Imprudentioe,
1052 1999 1089 2026 to
1129 2003 1184 2036 my
1218 2003 1278 2025 un-

124 2042 237 2077 stood.
721 2038 918 2072 intentional
937 2038 1116 2071 intrusion.

169 2093 190 2123 S
240 2087 354 2127 Αἰίίῖιε,
413 2086 535 2130 deeper
591 2085 672 2119 than
772 2087 810 2117 12
837 2085 871 2117 Si
883 2083 1018 2127 pulchre
1042 2085 1137 2123 vides,
1161 2082 1191 2116 if
1209 2094 1276 2127 you

124 2134 231 2169 usual.
723 2130 844 2174 clearly
861 2130 1025 2174 perceive·

176 2181 254 2225 Agit,
272 2177 398 2212 makes.

220 2225 329 2258 Phaed.
697 2235 721 2262 E
