1503 2532
517 211 650 239 Lmen
684 213 897 244 QUARTUS.
1233 204 1285 244 75

524 417 768 458 FABULA
803 418 902 458 XV.

438 527 653 555 PHAEDRUS
686 528 741 554 DE
774 527 969 556 FABULis.

133 618 254 666 QUID
270 618 456 672 judicare
478 619 628 674 cogitet
648 618 751 659 livor
772 619 909 668 modo,

134 694 249 734 Licet
268 693 505 742 dissimulet,
528 693 698 749 pulchre
720 704 856 734 tamen
879 694 1079 750 intelllgo.

133 770 347 825 Quidquid
366 771 527 825 putabit
547 785 633 811 esse
653 771 825 825 dignum
846 774 1068 821 memoriae,

132 842 275 898 AEsopi
299 844 427 892 dicet3
458 845 491 884 si
512 844 613 899 quid
633 841 766 884 minus
787 845 979 894 arriserit,

131 919 169 958 A
191 933 255 958 me
276 915 494 959 contendet
513 919 655 960 fictum
677 920 818 974 quovis
839 920 1037 975 pignore:
1257 924 1281 962 5

131 994 266 1041 Quem
288 995 378 1035 volo
399 994 528 1035 refelli
544 996 630 1050 jam
651 1011 760 1037 nunc
781 1011 973 1051 responso
996 1012 1087 1038 meo
1114 1014 1122 1037 :

133 1071 224 1111 Sive
245 1071 321 1112 hoc
343 1072 538 1126 ineptum,
561 1072 644 1112 sive
664 1071 917 1112 laudandum
937 1082 998 1113 est
1018 1088 1132 1127 OPUS,

132 1145 292 1185 Invenit
313 1145 392 1194 ille,
416 1155 555 1186 nostra
570 1145 737 1200 perfecit
758 1160 913 1186 manus.

132 1219 213 1259 Sed
233 1233 483 1274 exequamur
504 1229 685 1273 coeptum
706 1220 901 1274 propositi
921 1220 1120 1261 ordinem.

502 1439 748 1480 FABULA
782 1439 903 1479 XVI.

426 1545 719 1572 NAUFRAGIUM
751 1545 986 1572 SIMONIDIS.

129 1645 270 1686 HOMO
292 1645 434 1685 doctus
456 1644 497 1684 in
518 1658 560 1684 se
579 1658 736 1698 semper
757 1643 916 1683 divitias
935 1642 1070 1683 habet.
1230 1645 1279 1682 10

187 1720 428 1768 Simonides,
451 1720 521 1775 qui
543 1719 701 1772 scripsit
721 1719 930 1773 egregium
952 1717 1092 1766 melos,

129 1795 254 1843 Quod
273 1804 554 1851 paupertatem
574 1794 788 1834 sustineret
808 1790 975 1841 facilius,

172 1920 194 1952 4
211 1917 342 1960 AEsopi,
359 1924 395 1951 to
412 1919 454 1952 be
473 1916 623 1961 AEsop's.
729 1914 889 1948 dramatic
922 1914 987 1948 and
1025 1914 1150 1959 elegiae
1191 1922 1281 1959 poet,

174 1963 293 1996 Mimis
340 1965 491 2003 arriserit,
538 1963 566 1996 is
615 1963 681 1996 less
728 1962 812 1994 born
830 1960 862 1994 in
884 1961 963 2000 Cos,
981 1973 1046 1995 one
1071 1961 1112 1994 of
1131 1961 1188 1994 the
1215 1962 1282 2006 Cy-

127 2009 288 2055 pleasing.
726 2007 848 2046 clades,
879 2008 982 2040 about
1011 2011 1079 2041 500
1102 2019 1200 2053 years
1225 2009 1282 2041 be-

172 2060 193 2090 5
220 2055 393 2088 Contende!
410 2055 517 2098 quovis
529 2055 678 2099 pignore,
724 2052 796 2086 fore
814 2052 873 2086 the
893 2053 1065 2087 Christian
1084 2065 1150 2087 era.

127 2102 170 2136 he
188 2101 255 2135 will
273 2101 327 2145 lay
344 2111 408 2144 any
425 2111 546 2144 wager.
772 2100 950 2144 Egregium
980 2100 1086 2141 melos,
1116 2099 1282 2134 excellent

174 2151 196 2181 8
221 2148 295 2187 Ille,
314 2147 423 2190 AEsop
728 2152 859 2190 poeti-y.

179 2196 213 2227 ll
243 2193 424 2233 Simonides,
446 2203 466 2226 a
489 2192 679 2226 celebrated

657 2258 686 2284 E
710 2247 736 2284 2
