1503 2532
333 499 633 547 PHAEDRI
672 500 1120 550 FABULARUM

506 659 668 697 LIBER
699 661 948 701 QUINTUS.

560 1026 890 1069 PROLOGUS

494 1147 549 1173 AD
583 1147 941 1175 PARTICULONEM.

153 1229 258 1271 CUM
280 1228 542 1270 destinassem
563 1230 695 1284 operis
716 1229 866 1270 habere
888 1229 1122 1277 terminum,

152 1304 202 1345 In
221 1304 312 1354 hoc,
338 1314 381 1344 ut
400 1304 488 1344 aliis
509 1314 613 1345 esset
634 1305 816 1345 materiae
837 1303 945 1353 satES,

153 1379 381 1421 Consilium
403 1379 523 1420 tacito
544 1379 666 1420 corde
687 1379 876 1420 damnavi
898 1394 1058 1427 meum3

154 1456 261 1497 Nam
280 1456 313 1496 si
335 1456 424 1511 quis
446 1455 539 1496 talis
560 1456 683 1496 etiam
705 1466 765 1495 est
787 1456 893 1496 tituli
916 1455 1076 1504 artifex,

152 1532 247 1580 Quo
267 1541 385 1586 pacto
407 1531 606 1572 divinabit
627 1531 824 1586 quidnam
845 1532 1064 1579 omiserim,
1282 1536 1305 1570 5

153 1608 214 1649 Ut
233 1607 335 1648 illud
357 1608 489 1662 ipsum
509 1608 647 1662 cupiat
667 1606 786 1648 famae
808 1607 981 1655 tradere,

154 1684 239 1724 Sua
257 1684 405 1738 cuique
425 1681 519 1724 cum
539 1684 591 1723 sit
609 1683 734 1723 animi
755 1684 961 1736 cogitatio,

153 1758 360 1813 Colorque
380 1755 600 1813 proprius?
632 1757 745 1811 Ergo
767 1772 849 1798 non
871 1758 1011 1798 levitas
1037 1758 1149 1806 mihi,

197 1872 218 1902 2
245 1869 288 1901 In
303 1869 371 1908 hoc,
388 1874 424 1901 to
443 1867 501 1901 the
519 1867 595 1901 end.
754 1868 874 1912 AEwp,
899 1867 1009 1901 which
1047 1868 1062 1901 I
1095 1868 1180 1902 have
1208 1869 1305 1901 omit-

197 1917 219 1948 3
247 1915 359 1946 Tacito
375 1915 481 1955 corde,
503 1913 538 1947 in
561 1925 616 1958 my
640 1913 706 1957 pri·
753 1914 820 1952 ted,
845 1925 884 1947 so
908 1925 945 1946 as
969 1921 1006 1947 to
1032 1915 1072 1948 be
1096 1915 1249 1948 desimus
1273 1915 1311 1947 of

153 1967 230 1994 vate
247 1959 423 2003 thoughts.
753 1959 885 2003 writing
916 1959 1008 1993 them
1045 1961 1097 1993 for
1131 1961 1306 2004 posterity,

197 2008 221 2041 4·
245 2007 335 2038 Nam
357 2006 383 2038 si
405 2005 462 2045 ‹Ste-
486 2003 538 2038 for
561 2003 591 2038 if
609 2004 706 2038 there
754 2005 844 2039 since
870 2017 971 2050 every
1003 2018 1079 2040 man
1105 2006 1164 2039 has
1190 2018 1232 2039 an
1259 2007 1307 2038 in-

153 2051 278 2086 should
315 2051 450 2095 happen
489 2057 526 2083 to
559 2051 601 2084 be
640 2063 706 2089 anv
753 2052 889 2085 vention
908 2052 948 2085 of
967 2052 1019 2085 his
1037 2064 1114 2086 own
1132 2053 1232 2085 anda
1251 2064 1308 2096 pe-

152 2098 252 2132 other
282 2097 394 2131 writer
425 2095 466 2129 of
490 2096 606 2137 fables,
638 2090 705 2130 wiil
753 2098 856 2132 cuiiar
873 2098 1019 2142 genius?

153 2144 197 2178 he
235 2154 384 2188 approve
423 2142 482 2176 the
520 2141 622 2177 fables
670 2143 710 2176 of

686 2205 768 2241 Ε6
