1503 2532
265 200 320 238 68
570 212 747 239 PHAEnm
777 213 1048 241 FABULARUM

263 322 378 370 Quid
399 336 497 377 ergo
518 336 682 376 possum
703 322 835 363 facere
856 324 942 372 tibi,
965 324 1093 364 lector
1117 324 1234 373 Cato,

265 398 309 437 Si
331 412 406 438 nee
426 397 588 437 fabellae
610 408 649 438 te
665 398 824 452 juvant,
848 413 924 439 nec
946 397 1130 440 fabulae?

262 473 359 514 Noli
379 473 572 513 molestus
593 488 678 514 esse
699 474 867 514 omnino
887 474 1028 524 literis,

260 547 468 602 Majorem
489 549 711 590 exhibeant
731 564 784 590 ne
805 550 879 590 tibi
902 550 1141 591 molestiam.

318 622 411 662 Hoc
433 622 512 662 iilis
534 623 691 663 dictum
711 633 784 672 est,
807 625 840 663 si
862 625 933 679 qui
955 625 1068 665 stulti
1090 635 1302 674 nauseant,
1397 629 1422 665 5

261 697 327 745 Et,
351 708 398 738 ut
419 691 618 753 putentur
635 714 789 754 sapere,
813 700 963 740 coelum
984 701 1231 756 vituperant.

659 871 908 913 FABULA
943 873 1017 914 VI.

640 976 800 1002 VIPERA
832 977 885 1002 ET
916 977 1039 1003 LIMA.

260 1060 605 1101 IWORDACIOREM
628 1061 698 1115 qui
720 1061 909 1114 improbo
927 1060 1050 1100 dente
1071 1062 1240 1116 appetit,

258 1134 354 1176 Hoc
375 1145 619 1190 argumento
640 1150 682 1175 se
703 1135 880 1175 describi
902 1136 1064 1176 sentIat.

315 1211 364 1251 In
388 1211 591 1251 officinam
612 1210 719 1251 fabri
740 1211 853 1251 venit
875 1211 1039 1265 vipera:

257 1286 363 1327 Haec
383 1285 477 1326 cum
499 1295 686 1335 tentaret,
710 1286 742 1326 si
763 1301 844 1340 qua
864 1301 927 1326 res
948 1295 1053 1326 esset
1072 1287 1165 1335 cibi,
1366 1290 1415 1327 10

258 1363 422 1403 Limam
443 1362 677 1403 momordit.

742 1361 818 1401 Illa
839 1360 982 1402 contrai
1003 1371 1238 1410 contumax,

258 1441 285 1460 ‘⁶
305 1436 419 1483 Quid
440 1436 544 1484 me‚''
567 1435 713 1490 inquit,
738 1439 764 1458 ‘⁶
778 1434 914 1483 stulta,
938 1435 1061 1474 dente
1077 1444 1212 1490 captas
1233 1434 1397 1484 laedere,

259 1510 396 1551 Omne
416 1509 574 1549 assuevi
595 1507 750 1548 ferrum
772 1523 866 1563 quae
886 1507 1167 1548 corrodere?''

308 1605 319 1634 l
349 1602 469 1634 Lector
503 1601 592 1639 Cato,
625 1611 644 1632 a
677 1599 806 1640 reader,

257 1647 380 1687 whom,
394 1647 461 1680 like
477 1647 574 1685 Cato,
586 1645 651 1679 itis
665 1645 806 1678 difficult

254 1701 292 1726 to
310 1693 432 1738 please.
483 1693 570 1726 Cato
585 1704 651 1724 was
669 1703 687 1724 a
704 1691 805 1724 noble

256 1740 391 1772 Roman
404 1738 506 1772 ofthe
518 1745 606 1771 most
618 1738 804 1771 illustrious

256 1786 321 1819 and
343 1785 575 1818 unblemished
598 1783 802 1828 reputation‚

256 1833 316 1864 but
345 1830 396 1863 his
429 1831 578 1863 conduct
606 1830 672 1862 and
714 1829 803 1874 prin-

257 1877 360 1921 ciples
400 1888 487 1909 were
533 1888 572 1909 so
613 1876 696 1919 rigid
735 1875 801 1908 and

255 1930 399 1962 austere,
427 1923 500 1955 that
533 1922 584 1955 his
612 1933 709 1954 name
735 1933 801 1954 was

257 1969 349 2003 often
381 1967 514 2012 applied
543 1969 586 2012 by
615 1967 666 1999 his
700 1979 803 2000 coun-

256 2024 387 2060 trymen
417 2021 452 2047 to
484 2026 548 2057 any
565 2025 688 2057 person
719 2013 760 2046 of
783 2025 802 2045 a

257 2061 408 2105 captious
423 2060 633 2103 disposition.

302 2111 321 2139 2
350 2107 503 2146 Fabellce,
517 2106 599 2139 such
614 2105 720 2139 sables
734 2117 769 2138 as
788 2106 800 2138 1

257 2152 360 2186 write.

304 2199 448 2232 Fabulae.
466 2197 548 2231 such
578 2196 735 2230 histories
766 2209 801 2230 as

873 1599 889 1632 I
906 1598 992 1632 have
1014 1600 1232 1643 represented
1252 1600 1362 1645 AEsop
1381 1613 1417 1635 as

868 1644 1069 1688 attempting
1101 1653 1137 1679 to
1167 1646 1261 1679 write
1294 1647 1328 1679 in
1362 1647 1416 1680 the

867 1691 1048 1736 preceding
1064 1691 1159 1726 lines.

913 1740 935 1771 4
961 1737 1144 1770 Eaelzibeant
1180 1751 1220 1771 ne
1246 1739 1310 1775 tibi,
1351 1739 1416 1773 lest

865 1783 945 1827 they
958 1783 1032 1825 give
1044 1794 1123 1825 you.

911 1834 932 1863 5
956 1829 990 1861 Sc·
1009 1829 1072 1871 qui,
1098 1829 1127 1863 if
1150 1830 1247 1864 there
1269 1842 1326 1865 are
1350 1843 1416 1875 any

864 1876 952 1909 who.

911 1925 931 1955 6
957 1923 1087 1962 Coelzmz,
1118 1921 1272 1962 heaven3
1298 1934 1317 1956 a
1346 1935 1415 1957 me-

864 1968 1051 2012 taphorical
1091 1968 1289 2011 expression
1329 1970 1413 2003 used

864 2014 944 2046 here
961 2022 997 2048 to
1013 2014 1131 2057 signify
1148 2014 1344 2058 perfection.
1369 2056 1372 2059 Ι

912 2063 930 2092 7
959 2061 1208 2100 ΠῙονάαςίονεηι,
1224 2071 1291 2094 one
1318 2072 1412 2094 more

864 2106 989 2139 violent
1009 2107 1089 2140 than
1103 2105 1245 2140 himself.

916 2155 954 2185 10
980 2154 1014 2185 Si
1041 2164 1104 2197 qim
1132 2164 1181 2185 res
1207 2157 1288 2184 esset
1303 2152 1370 2192 cibi,
1388 2151 1416 2185 if

866 2198 925 2232 she
939 2199 1040 2232 could
1057 2198 1126 2232 find
1144 2209 1209 2242 any
1226 2197 1317 2232 food.
