1503 2532
1231 200 1276 211 v·-

518 211 651 238 LIBER
679 211 878 239 TERTIUS.
1224 210 1272 236 01

119 326 144 346 ‘⁶
169 321 324 371 Heus‚''
346 322 492 377 inquit,
517 327 542 346 ‘⁶
555 323 727 377 sapiens,
750 322 898 377 expedi
921 322 1020 377 quid
1035 323 1240 363 fecerimss'

118 397 342 438 Concurrit
362 396 560 451 popul-u53
592 396 660 437 ille
681 412 723 437 se
744 406 909 452 torquet
930 397 1014 445 diu,

116 471 205 512 Nec
226 472 462 526 quaestionis
482 472 626 526 positae
648 487 810 512 causam
832 471 1046 527 intelligit3

117 546 347 587 Novissime
369 547 609 587 succumbit.
672 547 784 587 Tum
806 548 934 587 victor
955 546 1104 601 sophus
1123 562 1131 586 :

116 627 141 646 “
164 621 260 663 Cito
273 637 438 677 rumpes
452 636 605 670 arcum,
621 636 780 677 semper
794 623 826 662 si
842 631 1003 661 tensum
1016 621 1225 669 habueris3
1249 626 1272 661 5

114 698 173 738 At
192 699 225 738 si
246 698 408 747 laxaris,
431 697 525 739 cum
546 698 669 747 voles,
691 699 770 738 erit
790 697 937 738 utilis.'’

173 774 239 814 Sic
260 773 382 814 ludus
402 775 538 814 animo
560 774 683 814 debet
703 773 924 829 aliquando
947 773 1050 821 dari,

113 849 182 889 Ad
202 849 466 905 cogitandum
487 849 630 890 melior
652 858 697 889 ut
718 849 856 889 redeat
879 848 965 889 tibi.

481 1008 730 1050 FABULA
763 1008 894 1049 XIII.

454 1100 609 1127 CICADA
640 1099 694 1126 ΕΤ
726 1099 912 1126 NOCTL'A.

115 1172 407 1214 HUMANITATI
430 1173 500 1227 qui
521 1187 563 1213 se
583 1187 666 1213 non
686 1171 981 1220 accommodat,

114 1246 364 1303 Plerumque
381 1262 523 1302 poenas
544 1248 701 1303 oppetit
721 1247 937 1302 superbiae.
1221 1251 1268 1286 10

170 1323 324 1364 Cicada
344 1323 537 1363 acerbum
558 1332 720 1364 noctuae
741 1324 970 1363 convicium

114 1399 319 1447 Faciebat,
341 1399 471 1439 solitae
493 1399 647 1439 victum
669 1399 711 1438 in
732 1399 912 1439 tenebris
933 1413 1131 1454 quaerere,

114 1476 308 1530 Cavoque
329 1489 442 1515 ramo
463 1490 608 1529 capere
628 1490 818 1515 somnum
836 1475 1027 1515 interdiu.

114 1549 276 1604 Rogata
296 1558 368 1597 est,
392 1558 439 1588 ut
459 1558 633 1598 taceret3
665 1549 797 1590 multo
818 1548 992 1590 validius

114 1623 302 1664 Clamare
323 1624 461 1677 coepit.
525 1623 682 1664 Rursus
703 1624 870 1665 admota
890 1639 1023 1679 prece,
1222 1628 1267 1663 15

113 1699 299 1739 Accensa
318 1699 446 1754 magis
467 1709 538 1739 est.
600 1699 776 1748 Noctua,
800 1710 846 1740 ut
867 1701 969 1740 vidit
990 1701 1065 1740 sibi

114 1774 286 1814 Nullum
308 1789 393 1814 esse
413 1773 626 1823 auxilium,
649 1784 690 1815 et
705 1776 829 1816 verba
850 1776 1056 1816 contemni
1077 1790 1161 1822 sua,

114 1847 206 1888 Hac
227 1857 287 1888 est
307 1862 497 1903 aggressa
515 1847 722 1903 garrulam
742 1848 899 1889 fallacia
917 1865 926 1888 ε

115 1928 139 1946 “
163 1923 356 1963 Dormire
376 1923 473 1978 quia
492 1938 558 1963 me
578 1938 661 1964 non
682 1924 822 1964 sinunt
842 1934 984 1965 cantus
1007 1925 1079 1972 tui,

165 2013 177 2043 l
206 2009 349 2051 Expedi,
367 2007 512 2052 explain.
715 2016 853 2053 request
871 2009 971 2054 being
985 2009 1082 2054 again
1100 2009 1269 2052 earnestly

161 2058 183 2089 4
211 2054 401 2093 Succumbit,
433 2053 476 2086 he
509 2053 667 2088 acknow-
713 2055 812 2088 made
830 2063 867 2089 to
893 2056 964 2090 her.

114 2102 229 2145 ledges
256 2100 329 2133 that
346 2099 389 2132 he
406 2099 507 2132 could
525 2108 586 2133 not
610 2112 668 2134 ex·
763 2105 802 2135 18
827 2102 908 2135 Ηὰε
924 2102 1072 2146 fallat-id,
1100 2101 1181 2136 with
1206 2102 1272 2135 this

117 2147 205 2193 plain
219 2146 256 2180 it.
715 2155 906 2191 stratagem.

168 2196 208 2227 15
232 2192 370 2225 Admota
383 2203 491 2235 prece,
509 2191 567 2226 the
579 2204 669 2226 same

659 2255 740 2290 05
