1503 2532
237 193 290 231 88
573 203 750 231 PHAEDm
784 204 1055 233 FABULARUM

240 322 306 371 Et,
330 336 403 377 pro
420 322 576 376 judicio
597 323 744 363 erroris
766 323 869 363 suim
891 324 1068 373 stantdu,

239 398 308 439 Ad
328 397 613 452 poenitendum
633 399 753 439 rebus
775 399 996 440 manifestis
1017 400 1094 455 agi.

299 474 498 515 Facturus
512 473 641 523 ludos,
665 475 832 529 quidam
853 475 977 524 dives,
1000 475 1167 526 nobiles,

246 550 460 605 Proposito
482 560 648 591 cunctos
670 551 856 591 invitavit
876 553 1059 606 praemio,

241 626 378 674 Quam
400 627 571 682 quisque
591 636 725 682 posset
745 637 791 667 ut
811 627 1031 668 novitatem
1053 628 1294 670 ostenderet,

243 702 283 741 V
284 702 407 742 encre
427 686 602 742 artifices
623 702 753 742 laudis
775 702 827 742 ad
849 702 1085 749 certamina,

243 776 357 824 Quos
379 777 485 816 inter
507 790 658 824 scurra,
682 785 802 815 notus
823 775 980 816 urbano
1001 775 1095 823 sale,

244 850 411 891 Habere
428 850 534 890 dixit
554 865 596 890 se
616 864 744 905 genus
766 849 997 904 spectaculi,

242 924 367 972 Quod
389 925 429 964 in
451 924 609 965 theatro
630 938 841 979 nunquam
862 923 1066 978 prolatum
1087 923 1202 964 foret.

242 998 460 1053 Dispersus
482 1011 622 1037 rumor
643 997 847 1038 civitatem
868 997 1066 1037 concitat:

247 1071 377 1112 Paulo
398 1071 493 1112 ante
515 1087 641 1112 vacua
662 1072 824 1112 turbam
850 1070 1046 1111 deficiunt
1066 1070 1165 1112 loca.

204 1116 293 1186 ’ᾗ
314 1143 431 1185 scena
452 1143 549 1184 vero
570 1153 785 1198 postquam
807 1143 913 1183 solus
934 1144 1126 1192 constitit,

247 1219 344 1260 Sine
365 1229 576 1274 apparatu,
599 1218 721 1259 nullis
742 1219 1012 1273 adjutoribuS,

245 1294 463 1335 Silentium
484 1295 570 1349 ipsa
590 1293 685 1334 fecit
704 1294 944 1348 expectatio.

243 1371 319 1411 Ille
340 1371 382 1410 in
403 1371 537 1410 sinum
559 1368 727 1424 repente
750 1369 912 1409 demisit
933 1380 1066 1424 caput,

133 1452 166 1460 ““
201 1433 297 1487 *Ἓῑ
318 1447 373 1487 sic
394 1445 560 1501 porcelli
580 1460 720 1486 vocem
741 1455 801 1485 est
822 1445 1001 1486 imitatus
1021 1446 1106 1494 sua,

240 1522 396 1564 Verum
419 1532 463 1563 ut
484 1523 645 1562 subesse
665 1521 789 1576 pallio
810 1521 1117 1571 contenderent,

240 1599 297 1639 Et
317 1599 453 1639 excuti
474 1599 689 1652 juberent3
724 1612 805 1652 quo
826 1597 944 1645 facto,
968 1597 1088 1638 simul

241 1674 356 1715 Nihil
377 1684 436 1715 est
456 1683 675 1728 repertum,
694 1673 833 1713 multis
855 1682 1027 1714 onerant
1046 1673 1248 1722 laudibus,

241 1750 548 1805 Hominemque
569 1749 714 1804 plausu
736 1758 1043 1804 prosequuntur
1064 1749 1255 1789 maximo.

240 1826 332 1867 Hoc
352 1826 455 1866 vidit
474 1825 563 1866 fieri
584 1826 781 1866 rusticus:
816 1829 842 1850 ‘⁶
863 1824 971 1873 Non,
994 1823 1238 1873 mehercule,

239 1900 314 1941 Me
334 1899 480 1948 vincet,
497 1900 518 1916 ’'
551 1899 708 1953 inquit:
741 1907 782 1938 et
802 1897 939 1938 statim
960 1896 1162 1951 professus
1184 1907 1255 1946 est,

1346 1001 1393 1037 10

1336 1753 1389 1789 ‘20

287 2010 298 2040 l
328 2008 395 2039 Pro
402 2007 536 2050 judicic),
552 2005 586 2037 in
604 2003 754 2038 desence.
885 2005 918 2035 ll
953 2003 1094 2035 Turbam
1128 2004 1287 2047 deficiunt,
1314 2014 1393 2037 can-

282 2078 302 2107 5
330 2074 523 2111 Novitatem,
548 2083 613 2116 any
637 2082 712 2105 new
738 2070 786 2103 di·
833 2055 895 2081 nOt
911 2048 993 2081 hom
1010 2049 1069 2082 the
1085 2060 1260 2093 company*

235 2119 381 2154 version.
835 2139 1011 2174 derstood.

885 2097 923 2127 16
950 2095 1020 2127 Suci
1038 2110 1047 2127 :
1074 2106 1148 2128 voce
1172 2094 1198 2128 is
1224 2094 1303 2129 here
1329 2107 1390 2128 un—

283 2189 301 2218 7
334 2187 465 2219 Urbano
477 2183 617 2226 sale,for
630 2183 682 2218 his
699 2183 788 2230 plea·
886 2189 924 2219 17
971 2188 1081 2219 Verum
1101 2201 1110 2219 :
1140 2187 1312 2230 porcellum
1360 2186 1387 2220 is

236 2239 309 2266 sant
328 2232 397 2266 wit.
836 2232 916 2267 here
934 2232 1153 2267 understood.
