<?xml version="1.0" encoding="UTF-8"?>
<!DOCTYPE html PUBLIC "-//W3C//DTD XHTML 1.0 Transitional//EN"
    "http://www.w3.org/TR/xhtml1/DTD/xhtml1-transitional.dtd">
<html xmlns="http://www.w3.org/1999/xhtml" xml:lang="en" lang="en">
 <head>
  <title>
</title>
<meta http-equiv="Content-Type" content="text/html;charset=utf-8" />
  <meta name='ocr-system' content='tesseract 3.04.00' />
  <meta name='ocr-capabilities' content='ocr_page ocr_carea ocr_par ocr_line ocrx_word'/>
</head>
<body>
  <div class='ocr_page' id='page_1' title='image "./fabulaeinusumsch00phaeuoft_0086.png"; bbox 0 0 1503 2532; ppageno 0'>
   <div class='ocr_carea' id='block_1_1' title="bbox 223 187 1046 224">
    <p class='ocr_par' dir='ltr' id='par_1_1' title="bbox 223 187 1046 224">
     <span class='ocr_line' id='line_1_1' title="bbox 223 187 1046 224; baseline 0.001 -1"><span class='ocrx_word' id='word_1_1' title='bbox 223 187 277 224; x_wconf 64' lang='grc'>80</span> <span class='ocrx_word' id='word_1_2' title='bbox 564 196 741 224; x_wconf 44' lang='lat' dir='ltr'>russum</span> <span class='ocrx_word' id='word_1_3' title='bbox 776 196 1046 224; x_wconf 74' lang='lat' dir='ltr'>FABULARUM</span> 
     </span>
    </p>
   </div>
   <div class='ocr_carea' id='block_1_2' title="bbox 220 314 1379 1275">
    <p class='ocr_par' dir='ltr' id='par_1_2' title="bbox 220 314 1379 1275">
     <span class='ocr_line' id='line_1_2' title="bbox 223 314 1079 370; baseline 0.002 -16"><span class='ocrx_word' id='word_1_4' title='bbox 223 314 475 368; x_wconf 82' lang='lat' dir='ltr'>Splendebat</span> <span class='ocrx_word' id='word_1_5' title='bbox 495 314 625 355; x_wconf 84' lang='lat' dir='ltr'>hilare</span> <span class='ocrx_word' id='word_1_6' title='bbox 644 315 801 370; x_wconf 89' lang='lat' dir='ltr'>poculis</span> <span class='ocrx_word' id='word_1_7' title='bbox 822 316 1079 365; x_wconf 84' lang='lat' dir='ltr'>convivium3</span> 
     </span>
     <span class='ocr_line' id='line_1_3' title="bbox 220 388 1130 445; baseline 0.004 -16"><span class='ocrx_word' id='word_1_8' title='bbox 220 388 380 445; x_wconf 63' lang='lat' dir='ltr'>lssagno</span> <span class='ocrx_word' id='word_1_9' title='bbox 401 400 600 445; x_wconf 81' lang='lat' dir='ltr'>apparatu</span> <span class='ocrx_word' id='word_1_10' title='bbox 622 390 717 431; x_wconf 83' lang='lat' dir='ltr'>laeta</span> <span class='ocrx_word' id='word_1_11' title='bbox 738 392 954 433; x_wconf 85' lang='lat' dir='ltr'>resonabat</span> <span class='ocrx_word' id='word_1_12' title='bbox 974 392 1130 433; x_wconf 74' lang='lat' dir='ltr'>domus·</span> 
     </span>
     <span class='ocr_line' id='line_1_4' title="bbox 220 465 1179 523; baseline 0.004 -18"><span class='ocrx_word' id='word_1_13' title='bbox 220 465 409 520; x_wconf 72' lang='lat' dir='ltr'>Repente</span> <span class='ocrx_word' id='word_1_14' title='bbox 430 466 513 507; x_wconf 92' lang='lat' dir='ltr'>duo</span> <span class='ocrx_word' id='word_1_15' title='bbox 533 465 626 507; x_wconf 74' lang='lat' dir='ltr'>cum</span> <span class='ocrx_word' id='word_1_16' title='bbox 643 468 828 522; x_wconf 87' lang='lat' dir='ltr'>juvenes,</span> <span class='ocrx_word' id='word_1_17' title='bbox 852 468 978 523; x_wconf 86' lang='lat' dir='ltr'>sparsi</span> <span class='ocrx_word' id='word_1_18' title='bbox 999 468 1179 523; x_wconf 86' lang='lat' dir='ltr'>pulvere,</span> 
     </span>
     <span class='ocr_line' id='line_1_5' title="bbox 222 541 991 599; baseline 0.004 -18"><span class='ocrx_word' id='word_1_19' title='bbox 222 541 382 582; x_wconf 80' lang='lat' dir='ltr'>Sudore</span> <span class='ocrx_word' id='word_1_20' title='bbox 401 542 533 583; x_wconf 87' lang='lat' dir='ltr'>multo</span> <span class='ocrx_word' id='word_1_21' title='bbox 554 543 786 584; x_wconf 88' lang='lat' dir='ltr'>diffluentes</span> <span class='ocrx_word' id='word_1_22' title='bbox 808 559 991 599; x_wconf 83' lang='lat' dir='ltr'>corpora,</span> 
     </span>
     <span class='ocr_line' id='line_1_6' title="bbox 220 616 1379 673; baseline 0.003 -16"><span class='ocrx_word' id='word_1_23' title='bbox 220 616 460 658; x_wconf 83' lang='lat' dir='ltr'><strong>Humanam</strong></span> <span class='ocrx_word' id='word_1_24' title='bbox 482 633 606 673; x_wconf 81' lang='lat' dir='ltr'>supra</span> <span class='ocrx_word' id='word_1_25' title='bbox 626 618 812 668; x_wconf 80' lang='lat' dir='ltr'>formam,</span> <span class='ocrx_word' id='word_1_26' title='bbox 835 619 997 660; x_wconf 78' lang='lat' dir='ltr'>cuidam</span> <span class='ocrx_word' id='word_1_27' title='bbox 1021 620 1181 660; x_wconf 86' lang='lat' dir='ltr'>servulo</span> <span class='ocrx_word' id='word_1_28' title='bbox 1355 623 1379 660; x_wconf 84' lang='lat'>5</span> 
     </span>
     <span class='ocr_line' id='line_1_7' title="bbox 220 685 1152 748; baseline 0.002 -17"><span class='ocrx_word' id='word_1_29' title='bbox 220 691 441 741; x_wconf 76' lang='lat' dir='ltr'>Mandant,</span> <span class='ocrx_word' id='word_1_30' title='bbox 464 685 511 733; x_wconf 87' lang='lat' dir='ltr'>ut</span> <span class='ocrx_word' id='word_1_31' title='bbox 531 693 583 733; x_wconf 84' lang='lat' dir='ltr'>ad</span> <span class='ocrx_word' id='word_1_32' title='bbox 604 709 646 734; x_wconf 87' lang='lat' dir='ltr'>se</span> <span class='ocrx_word' id='word_1_33' title='bbox 666 704 860 748; x_wconf 88' lang='lat' dir='ltr'>provocet</span> <span class='ocrx_word' id='word_1_34' title='bbox 884 695 1152 743; x_wconf 82' lang='lat' dir='ltr'>Simonidem,</span> 
     </span>
     <span class='ocr_line' id='line_1_8' title="bbox 220 767 959 810; baseline 0.004 -3"><span class='ocrx_word' id='word_1_35' title='bbox 220 767 336 807; x_wconf 90' lang='lat' dir='ltr'>Illius</span> <span class='ocrx_word' id='word_1_36' title='bbox 358 768 552 808; x_wconf 73' lang='lat' dir='ltr'>interesse</span> <span class='ocrx_word' id='word_1_37' title='bbox 573 783 626 809; x_wconf 89' lang='lat' dir='ltr'>ne</span> <span class='ocrx_word' id='word_1_38' title='bbox 646 769 769 809; x_wconf 77' lang='lat' dir='ltr'>faciat</span> <span class='ocrx_word' id='word_1_39' title='bbox 788 784 959 810; x_wconf 83' lang='lat' dir='ltr'>moram.</span> 
     </span>
     <span class='ocr_line' id='line_1_9' title="bbox 222 841 1112 896; baseline 0.002 -15"><span class='ocrx_word' id='word_1_40' title='bbox 222 841 360 882; x_wconf 91' lang='lat' dir='ltr'>Homo</span> <span class='ocrx_word' id='word_1_41' title='bbox 381 842 645 896; x_wconf 80' lang='lat' dir='ltr'>perturbatus</span> <span class='ocrx_word' id='word_1_42' title='bbox 667 843 820 883; x_wconf 84' lang='lat' dir='ltr'>excitat</span> <span class='ocrx_word' id='word_1_43' title='bbox 846 843 1112 884; x_wconf 85' lang='lat' dir='ltr'>Simonidem.</span> 
     </span>
     <span class='ocr_line' id='line_1_10' title="bbox 222 916 1071 973; baseline 0.001 -15"><span class='ocrx_word' id='word_1_44' title='bbox 222 917 368 958; x_wconf 88' lang='lat' dir='ltr'>Unum</span> <span class='ocrx_word' id='word_1_45' title='bbox 388 916 602 972; x_wconf 73' lang='lat' dir='ltr'>promorat</span> <span class='ocrx_word' id='word_1_46' title='bbox 622 919 690 958; x_wconf 83' lang='lat' dir='ltr'>vix</span> <span class='ocrx_word' id='word_1_47' title='bbox 711 919 858 973; x_wconf 86' lang='lat' dir='ltr'>pedem</span> <span class='ocrx_word' id='word_1_48' title='bbox 881 919 1071 968; x_wconf 87' lang='lat' dir='ltr'>triclinio,</span> 
     </span>
     <span class='ocr_line' id='line_1_11' title="bbox 223 992 1379 1049; baseline 0.002 -17"><span class='ocrx_word' id='word_1_49' title='bbox 223 992 362 1034; x_wconf 81' lang='lat' dir='ltr'>Ruina</span> <span class='ocrx_word' id='word_1_50' title='bbox 382 1008 555 1034; x_wconf 80' lang='lat' dir='ltr'>camerae</span> <span class='ocrx_word' id='word_1_51' title='bbox 576 993 713 1034; x_wconf 74' lang='lat' dir='ltr'>subito</span> <span class='ocrx_word' id='word_1_52' title='bbox 734 995 936 1049; x_wconf 81' lang='lat' dir='ltr'>oppressit</span> <span class='ocrx_word' id='word_1_53' title='bbox 956 1005 1124 1036; x_wconf 83' lang='lat' dir='ltr'>caeteros</span> <span class='ocrx_word' id='word_1_54' title='bbox 1141 1011 1150 1043; x_wconf 82' lang='lat'>3</span> <span class='ocrx_word' id='word_1_55' title='bbox 1334 997 1379 1034; x_wconf 79' lang='lat'>10</span> 
     </span>
     <span class='ocr_line' id='line_1_12' title="bbox 222 1068 1151 1124; baseline 0.002 -17"><span class='ocrx_word' id='word_1_56' title='bbox 222 1068 309 1108; x_wconf 81' lang='lat' dir='ltr'>Nec</span> <span class='ocrx_word' id='word_1_57' title='bbox 334 1068 403 1108; x_wconf 90' lang='lat' dir='ltr'>ulli</span> <span class='ocrx_word' id='word_1_58' title='bbox 421 1069 592 1123; x_wconf 88' lang='lat' dir='ltr'>juvenes</span> <span class='ocrx_word' id='word_1_59' title='bbox 614 1078 710 1109; x_wconf 88' lang='lat' dir='ltr'>sunt</span> <span class='ocrx_word' id='word_1_60' title='bbox 730 1070 880 1124; x_wconf 86' lang='lat' dir='ltr'>reperti</span> <span class='ocrx_word' id='word_1_61' title='bbox 901 1070 953 1110; x_wconf 84' lang='lat' dir='ltr'>ad</span> <span class='ocrx_word' id='word_1_62' title='bbox 968 1071 1151 1124; x_wconf 83' lang='lat' dir='ltr'>januam.</span> 
     </span>
     <span class='ocr_line' id='line_1_13' title="bbox 280 1143 1047 1199; baseline 0.003 -16"><span class='ocrx_word' id='word_1_63' title='bbox 280 1143 341 1183; x_wconf 89' lang='lat' dir='ltr'>Ut</span> <span class='ocrx_word' id='word_1_64' title='bbox 362 1153 422 1183; x_wconf 90' lang='lat' dir='ltr'>est</span> <span class='ocrx_word' id='word_1_65' title='bbox 442 1143 631 1199; x_wconf 80' lang='lat' dir='ltr'>vulgatus</span> <span class='ocrx_word' id='word_1_66' title='bbox 653 1144 753 1184; x_wconf 83' lang='lat' dir='ltr'>ordo</span> <span class='ocrx_word' id='word_1_67' title='bbox 775 1155 952 1185; x_wconf 83' lang='lat' dir='ltr'>narratae</span> <span class='ocrx_word' id='word_1_68' title='bbox 974 1147 1047 1194; x_wconf 83' lang='lat' dir='ltr'>rei,</span> 
     </span>
     <span class='ocr_line' id='line_1_14' title="bbox 222 1219 1100 1275; baseline 0.001 -15"><span class='ocrx_word' id='word_1_69' title='bbox 222 1219 378 1260; x_wconf 86' lang='lat' dir='ltr'>Omnes</span> <span class='ocrx_word' id='word_1_70' title='bbox 399 1220 580 1259; x_wconf 86' lang='lat' dir='ltr'>scierunt</span> <span class='ocrx_word' id='word_1_71' title='bbox 600 1220 818 1259; x_wconf 89' lang='lat' dir='ltr'>numinum</span> <span class='ocrx_word' id='word_1_72' title='bbox 838 1221 1100 1275; x_wconf 71' lang='lat' dir='ltr'>praesentiam</span> 
     </span>
    </p>
   </div>
   <div class='ocr_carea' id='block_1_3' title="bbox 222 1295 1003 1345">
    <p class='ocr_par' dir='ltr' id='par_1_3' title="bbox 222 1295 1003 1345">
     <span class='ocr_line' id='line_1_15' title="bbox 222 1295 1003 1345; baseline 0.003 -10"><span class='ocrx_word' id='word_1_73' title='bbox 222 1295 318 1335; x_wconf 80' lang='lat' dir='ltr'>Vati</span> <span class='ocrx_word' id='word_1_74' title='bbox 340 1295 498 1336; x_wconf 82' lang='lat' dir='ltr'>dedisse</span> <span class='ocrx_word' id='word_1_75' title='bbox 518 1296 657 1345; x_wconf 82' lang='lat' dir='ltr'>vitam,</span> <span class='ocrx_word' id='word_1_76' title='bbox 681 1296 880 1337; x_wconf 86' lang='lat' dir='ltr'>mercedis</span> <span class='ocrx_word' id='word_1_77' title='bbox 900 1296 1003 1337; x_wconf 87' lang='lat' dir='ltr'>loco.</span> 
     </span>
    </p>
   </div>
   <div class='ocr_carea' id='block_1_4' title="bbox 226 1502 1378 1883">
    <p class='ocr_par' dir='ltr' id='par_1_4' title="bbox 616 1502 1009 1544">
     <span class='ocr_line' id='line_1_16' title="bbox 616 1502 1009 1544; baseline -0.003 0"><span class='ocrx_word' id='word_1_78' title='bbox 616 1502 867 1544; x_wconf 89' lang='lat' dir='ltr'><strong>FABULA</strong></span> <span class='ocrx_word' id='word_1_79' title='bbox 902 1502 1009 1543; x_wconf 82' lang='lat' dir='ltr'>XX.</span> 
     </span>
    </p>

    <p class='ocr_par' dir='ltr' id='par_1_5' title="bbox 226 1602 1378 1883">
     <span class='ocr_line' id='line_1_17' title="bbox 504 1602 1098 1630; baseline -0.003 0"><span class='ocrx_word' id='word_1_80' title='bbox 504 1603 718 1630; x_wconf 78' lang='lat' dir='ltr'>EPILOGUS</span> <span class='ocrx_word' id='word_1_81' title='bbox 750 1603 806 1629; x_wconf 79' lang='lat' dir='ltr'>AD</span> <span class='ocrx_word' id='word_1_82' title='bbox 840 1602 1098 1630; x_wconf 71' lang='lat' dir='ltr'><strong>EUTYCHUM.</strong></span> 
     </span>
     <span class='ocr_line' id='line_1_18' title="bbox 227 1675 1350 1730; baseline -0.001 -15"><span class='ocrx_word' id='word_1_83' title='bbox 227 1676 493 1716; x_wconf 76' lang='lat' dir='ltr'>SUPEnsUNT</span> <span class='ocrx_word' id='word_1_84' title='bbox 514 1676 613 1715; x_wconf 82' lang='lat' dir='ltr'>mihi</span> <span class='ocrx_word' id='word_1_85' title='bbox 637 1691 730 1730; x_wconf 81' lang='lat' dir='ltr'>quae</span> <span class='ocrx_word' id='word_1_86' title='bbox 753 1676 940 1723; x_wconf 81' lang='lat' dir='ltr'>scribam,</span> <span class='ocrx_word' id='word_1_87' title='bbox 964 1675 1035 1715; x_wconf 88' lang='lat' dir='ltr'>sed</span> <span class='ocrx_word' id='word_1_88' title='bbox 1056 1689 1178 1729; x_wconf 81' lang='lat' dir='ltr'>parco</span> <span class='ocrx_word' id='word_1_89' title='bbox 1199 1675 1350 1722; x_wconf 90' lang='lat' dir='ltr'>sciens;</span> 
     </span>
     <span class='ocr_line' id='line_1_19' title="bbox 226 1751 1378 1800; baseline -0.003 -6"><span class='ocrx_word' id='word_1_90' title='bbox 226 1751 414 1794; x_wconf 74' lang='lat' dir='ltr'>Primum</span> <span class='ocrx_word' id='word_1_91' title='bbox 436 1768 520 1793; x_wconf 87' lang='lat' dir='ltr'>esse</span> <span class='ocrx_word' id='word_1_92' title='bbox 541 1768 593 1793; x_wconf 87' lang='lat' dir='ltr'>ne</span> <span class='ocrx_word' id='word_1_93' title='bbox 615 1753 690 1793; x_wconf 86' lang='lat' dir='ltr'>tibi</span> <span class='ocrx_word' id='word_1_94' title='bbox 711 1753 850 1793; x_wconf 85' lang='lat' dir='ltr'>videar</span> <span class='ocrx_word' id='word_1_95' title='bbox 871 1752 1091 1800; x_wconf 79' lang='lat' dir='ltr'>molestior,</span> <span class='ocrx_word' id='word_1_96' title='bbox 1330 1754 1378 1791; x_wconf 90' lang='lat'>16</span> 
     </span>
     <span class='ocr_line' id='line_1_20' title="bbox 226 1827 1215 1883; baseline -0.001 -15"><span class='ocrx_word' id='word_1_97' title='bbox 226 1828 449 1882; x_wconf 82' lang='lat' dir='ltr'>Distringit</span> <span class='ocrx_word' id='word_1_98' title='bbox 471 1843 593 1883; x_wconf 86' lang='lat' dir='ltr'>quem</span> <span class='ocrx_word' id='word_1_99' title='bbox 616 1829 837 1868; x_wconf 82' lang='lat' dir='ltr'>multarum</span> <span class='ocrx_word' id='word_1_100' title='bbox 859 1842 996 1868; x_wconf 87' lang='lat' dir='ltr'>rerum</span> <span class='ocrx_word' id='word_1_101' title='bbox 1017 1827 1187 1867; x_wconf 83' lang='lat' dir='ltr'>varietas</span> <span class='ocrx_word' id='word_1_102' title='bbox 1205 1842 1215 1875; x_wconf 85' lang='lat'><em>3</em></span> 
     </span>
    </p>
   </div>
   <div class='ocr_carea' id='block_1_5' title="bbox 222 1902 1072 1960">
    <p class='ocr_par' dir='ltr' id='par_1_6' title="bbox 222 1902 1072 1960">
     <span class='ocr_line' id='line_1_21' title="bbox 222 1902 1072 1960; baseline -0.004 -15"><span class='ocrx_word' id='word_1_103' title='bbox 222 1904 333 1945; x_wconf 87' lang='lat' dir='ltr'>Dein</span> <span class='ocrx_word' id='word_1_104' title='bbox 354 1905 386 1944; x_wconf 89' lang='lat' dir='ltr'>si</span> <span class='ocrx_word' id='word_1_105' title='bbox 406 1919 497 1960; x_wconf 84' lang='lat' dir='ltr'>quls</span> <span class='ocrx_word' id='word_1_106' title='bbox 518 1904 660 1944; x_wconf 86' lang='lat' dir='ltr'>eadem</span> <span class='ocrx_word' id='word_1_107' title='bbox 681 1903 785 1944; x_wconf 72' lang='lat' dir='ltr'>forte</span> <span class='ocrx_word' id='word_1_108' title='bbox 804 1903 941 1945; x_wconf 80' lang='lat' dir='ltr'>conari</span> <span class='ocrx_word' id='word_1_109' title='bbox 963 1902 1072 1951; x_wconf 86' lang='lat' dir='ltr'>velit,</span> 
     </span>
    </p>
   </div>
   <div class='ocr_carea' id='block_1_6' title="bbox 223 1996 1379 2134">
    <p class='ocr_par' dir='ltr' id='par_1_7' title="bbox 223 1996 1379 2134">
     <span class='ocr_line' id='line_1_22' title="bbox 267 1996 1379 2043; baseline -0.003 -11"><span class='ocrx_word' id='word_1_110' title='bbox 267 2002 288 2032; x_wconf 90' lang='lat'><strong>3</strong></span> <span class='ocrx_word' id='word_1_111' title='bbox 313 2000 551 2043; x_wconf 75' lang='lat' dir='ltr'>DuojnveneS,</span> <span class='ocrx_word' id='word_1_112' title='bbox 572 1998 696 2031; x_wconf 86' lang='lat' dir='ltr'>Castor</span> <span class='ocrx_word' id='word_1_113' title='bbox 713 1997 779 2030; x_wconf 85' lang='lat' dir='ltr'>and</span> <span class='ocrx_word' id='word_1_114' title='bbox 875 2000 894 2030; x_wconf 79' lang='lat'><strong>7</strong></span> <span class='ocrx_word' id='word_1_115' title='bbox 919 1997 1010 2029; x_wconf 74' lang='lat' dir='ltr'>Illius</span> <span class='ocrx_word' id='word_1_116' title='bbox 1042 1998 1201 2036; x_wconf 74' lang='lat' dir='ltr'>interesse,</span> <span class='ocrx_word' id='word_1_117' title='bbox 1239 1996 1314 2030; x_wconf 85' lang='lat' dir='ltr'>that</span> <span class='ocrx_word' id='word_1_118' title='bbox 1352 1996 1379 2029; x_wconf 91' lang='lat' dir='ltr'>it</span> 
     </span>
     <span class='ocr_line' id='line_1_23' title="bbox 223 2041 1332 2087; baseline -0.003 -9"><span class='ocrx_word' id='word_1_119' title='bbox 223 2045 361 2079; x_wconf 88' lang='lat' dir='ltr'>Pollux.</span> <span class='ocrx_word' id='word_1_120' title='bbox 828 2054 907 2087; x_wconf 87' lang='lat' dir='ltr'>very</span> <span class='ocrx_word' id='word_1_121' title='bbox 925 2042 1024 2075; x_wconf 83' lang='lat' dir='ltr'>much</span> <span class='ocrx_word' id='word_1_122' title='bbox 1044 2041 1234 2076; x_wconf 88' lang='lat' dir='ltr'>concerned</span> <span class='ocrx_word' id='word_1_123' title='bbox 1252 2041 1332 2075; x_wconf 90' lang='lat' dir='ltr'>him.</span> 
     </span>
     <span class='ocr_line' id='line_1_24' title="bbox 267 2087 1379 2134; baseline -0.003 -9"><span class='ocrx_word' id='word_1_124' title='bbox 267 2094 289 2125; x_wconf 69' lang='lat'><em>4</em></span> <span class='ocrx_word' id='word_1_125' title='bbox 316 2093 469 2134; x_wconf 81' lang='lat' dir='ltr'>Corpora,</span> <span class='ocrx_word' id='word_1_126' title='bbox 494 2090 553 2124; x_wconf 87' lang='lat' dir='ltr'>the</span> <span class='ocrx_word' id='word_1_127' title='bbox 585 2089 777 2123; x_wconf 85' lang='lat' dir='ltr'>accusative</span> <span class='ocrx_word' id='word_1_128' title='bbox 875 2092 913 2122; x_wconf 72' lang='lat'>12</span> <span class='ocrx_word' id='word_1_129' title='bbox 941 2090 1027 2121; x_wconf 80' lang='lat' dir='ltr'>Ordo</span> <span class='ocrx_word' id='word_1_130' title='bbox 1059 2093 1200 2121; x_wconf 67' lang='lat' dir='ltr'>narratae</span> <span class='ocrx_word' id='word_1_131' title='bbox 1232 2089 1287 2127; x_wconf 82' lang='lat' dir='ltr'>rei,</span> <span class='ocrx_word' id='word_1_132' title='bbox 1320 2087 1379 2122; x_wconf 88' lang='lat' dir='ltr'>the</span> 
     </span>
    </p>
   </div>
   <div class='ocr_carea' id='block_1_7' title="bbox 221 2133 1306 2218">
    <p class='ocr_par' dir='ltr' id='par_1_8' title="bbox 221 2133 1306 2218">
     <span class='ocr_line' id='line_1_25' title="bbox 221 2133 1306 2182; baseline -0.004 -11"><span class='ocrx_word' id='word_1_133' title='bbox 221 2149 298 2171; x_wconf 88' lang='lat' dir='ltr'>case</span> <span class='ocrx_word' id='word_1_134' title='bbox 326 2137 497 2181; x_wconf 82' lang='lat' dir='ltr'>governed</span> <span class='ocrx_word' id='word_1_135' title='bbox 530 2138 574 2182; x_wconf 79' lang='lat' dir='ltr'>by</span> <span class='ocrx_word' id='word_1_136' title='bbox 605 2135 775 2169; x_wconf 49' lang='lat' dir='ltr'>secundam</span> <span class='ocrx_word' id='word_1_137' title='bbox 823 2135 1022 2180; x_wconf 84' lang='lat' dir='ltr'>particulars</span> <span class='ocrx_word' id='word_1_138' title='bbox 1039 2133 1081 2169; x_wconf 89' lang='lat' dir='ltr'>of</span> <span class='ocrx_word' id='word_1_139' title='bbox 1093 2134 1150 2168; x_wconf 87' lang='lat' dir='ltr'>the</span> <span class='ocrx_word' id='word_1_140' title='bbox 1167 2134 1306 2178; x_wconf 79' lang='lat' dir='ltr'>history.</span> 
     </span>
     <span class='ocr_line' id='line_1_26' title="bbox 221 2183 444 2218; baseline -0.004 0"><span class='ocrx_word' id='word_1_141' title='bbox 221 2183 444 2218; x_wconf 85' lang='lat' dir='ltr'>understood.</span> 
     </span>
    </p>
   </div>
  </div>
 </body>
</html>
