1503 2532
219 187 271 224 75
554 194 733 223 PHAEDRI
768 193 1041 221 FABULARUM

217 314 447 355 Circumire
469 313 594 367 coepit
614 313 734 353 urbes
757 312 868 352 Asiae
890 311 1058 360 nobiles,

215 388 410 430 Mercede
430 387 596 444 accepta
616 388 779 429 laudem
800 388 1000 428 victorum
1021 400 1180 427 canens.

214 463 309 505 Hoc
328 479 477 519 genere
498 463 677 520 quaestsls
697 474 912 518 postquam
932 461 1111 517 locuples
1132 461 1261 502 factus
1278 470 1350 509 est,

214 540 367 581 Venire
387 541 429 580 in
450 540 623 595 patriam
644 539 773 579 voluit
793 554 913 579 cursu
934 538 1094 593 pelagio
1113 553 1121 577 :

215 614 316 655 Erat
336 625 473 655 autem
494 624 624 663 natm,
647 624 693 654 ut
713 614 840 662 aiunt,
863 614 905 653 in
929 612 1010 654 Cea
1032 611 1177 652 insula.
1342 615 1366 651 5

216 691 413 731 Ascendit
434 685 591 739 navem,
615 705 738 746 quam
761 699 974 744 tempestas
995 688 1162 729 horrida

218 763 349 804 Simul
370 775 410 805 et
430 774 606 805 vetustas
627 764 762 805 medio
783 763 965 804 dissolvit
984 763 1099 803 mari.

216 839 274 880 Hi
299 854 433 889 zonas,
457 840 516 881 illi
537 855 600 881 res
620 840 815 895 pretiosas
837 838 1048 894 colligunt,

216 915 453 956 Subsidium
472 916 580 958 vitae.
643 915 825 964 Quidam
845 915 1052 963 curiosior‚

217 996 243 1015 “
268 991 492 1041 Simonide,
516 1002 561 1032 tu
581 1006 631 1032 ex
653 991 796 1046 opibus
818 990 876 1030 nil
897 990 1021 1030 sumis
1042 989 1121 1030 tuis
1137 987 1190 1029 ?'’
1318 991 1367 1028 lo

1066 1064 1087 1081 >9

217 1070 241 1089 “
259 1065 439 1115 Mecum,
455 1066 476 1084 '’
488 1065 634 1121 inquit,
652 1070 775 1105 “mea
788 1074 882 1105 sunt
895 1073 1051 1104 cuncta.
1133 1062 1253 1103 Tune
1267 1077 1366 1117 pau-

327 1142 363 1182 ci
384 1150 572 1189 enatant3

218 1217 340 1265 Quia,
363 1217 511 1272 plures,
534 1230 657 1257 onere
677 1214 897 1270 degravati,
920 1214 1138 1268 perierant.

219 1293 440 1333 Praedones
461 1292 610 1333 adsunt
628 1308 637 1340 3
668 1291 836 1346 rapiunt
857 1290 968 1345 quod
988 1290 1159 1345 quisque
1180 1289 1325 1330 extulit
1337 1305 1347 1338 ;

218 1367 362 1409 Nudos
383 1368 632 1423 relinquunt.
696 1365 820 1407 Forte
843 1366 1102 1407 Clazomenae
1122 1365 1252 1420 prope

218 1445 404 1500 Antiqua
424 1443 501 1484 fuit
521 1443 631 1492 urbs,
655 1457 779 1498 quam
798 1442 1003 1498 petierunt
1024 1440 1221 1496 naufragi.
1315 1443 1364 1480 15

220 1518 301 1560 Hic
322 1519 532 1560 literarum
554 1519 720 1574 quidam
741 1517 874 1558 studio
895 1517 1068 1566 deditus,

221 1594 441 1635 Simonidis
463 1594 533 1649 qui
555 1608 662 1648 saepe
681 1607 817 1633 versus
838 1592 1006 1648 legerat,

220 1670 402 1726 Eratque
421 1669 596 1711 absentis
617 1669 840 1710 admirator
859 1668 1074 1716 maximus,

222 1747 417 1786 Sermone
438 1747 490 1787 ab
510 1746 597 1801 ipso
618 1745 840 1800 cognitum,
862 1741 1120 1798 cupidissime

220 1821 288 1860 Ad
311 1835 353 1860 se
373 1820 546 1874 recepit3
578 1829 700 1868 veste,
722 1817 910 1866 nummis,
933 1814 1086 1856 familia
1311 1817 1367 1854 20

220 1896 444 1937 Hominem
464 1896 686 1936 exornavit.
748 1892 898 1935 Caeteri
919 1891 1099 1932 tabulam
1120 1905 1234 1932 suam

268 1970 476 2008 13‘Extulit‚
494 1968 560 2002 had
578 1967 692 2001 saved.
861 1967 905 1998 20
930 1964 982 1997 Ad
997 1976 1039 2003 se,
1056 1963 1129 1996 into
1147 1962 1200 1996 his
1217 1962 1336 1996 house.

269 2017 310 2048 H-
330 2015 534 2054 Clazomenae,
560 2026 579 2047 a
603 2012 769 2046 maritime
862 2013 900 2044 21
945 2010 1101 2042 Tabulam
1139 2021 1241 2049 suam,
1280 2007 1368 2042 their

220 2069 313 2095 town
339 2061 380 2094 of
400 2060 495 2094 Ionia
518 2059 553 2093 in
579 2059 671 2098 Asia,
694 2070 771 2092 now
818 2056 1000 2095 memorial,
1018 2067 1037 2089 a
1053 2053 1320 2099 representation
1333 2052 1374 2086 of

220 2107 326 2141 called
346 2107 488 2141 Vourla.
819 2102 906 2136 their
923 2101 1121 2135 missortune
1138 2101 1205 2134 and
1229 2100 1368 2134 distress

271 2157 309 2187 19
336 2155 500 2198 Cognitum
515 2168 525 2187 .·
557 2152 645 2186 illum
662 2152 690 2185 is
708 2162 768 2185 un·
815 2148 953 2194 painted
971 2159 1016 2182 on
1033 2158 1052 2181 a
1069 2146 1186 2182 board.

221 2200 394 2233 derstood.
