1503 2532
1212 185 1237 221 ΓΙ)

1241 184 1265 220 20

503 194 635 222 LIBER
666 195 871 227 QUINTUS.

112 303 228 345 Idem
250 304 452 345 facturum
473 304 616 345 melius
638 320 679 345 se
699 305 905 352 postridie.

111 378 178 419 Fit
200 380 320 419 turba
341 380 482 434 major.
543 379 635 420 Jam
656 379 768 420 favor
790 389 945 419 mentes
968 388 1092 427 tenet,

110 451 165 492 Et
186 452 370 500 derisuri,
394 467 477 493 non
498 453 730 507 spectaturi,
754 452 908 493 sedent.

110 526 296 582 Uterque
317 527 466 581 prodit.
531 527 682 568 Scurra
701 526 915 581 digrunnit
936 526 1061 580 prior,

111 600 337 656 Movetque
358 600 535 655 plausus,
558 611 599 642 et
619 601 814 642 clamores
835 602 1014 642 suscitat.
1238 605 1263 641 5

108 676 229 717 Tunc
250 676 444 717 simulans
466 690 552 717 sese
571 677 820 717 vestimentis
842 677 1017 717 rusticus

109 750 340 791 Porcellum
362 751 566 806 obtegere,
594 751 723 807 (quod
743 752 917 792 faciebat
937 752 1101 800 scilicet,

110 825 193 865 Sed
215 826 254 865 in
278 826 413 880 priore
435 827 532 881 quia
553 825 611 866 nil
632 836 927 881 compererant,
951 826 1113 878 latens,)

109 900 302 941 Pervellit
322 916 463 941 aurem
483 916 590 950 vero,
613 916 735 957 quem
756 902 968 950 celaverat,
1217 904 1266 942 10

110 975 165 1015 Et
185 990 278 1016 cum
299 976 439 1017 dolore
459 991 598 1017 vocem
618 986 777 1017 naturae
798 977 1003 1031 exprimit.

112 1049 325 1090 Acclamat
346 1050 534 1105 populus,
557 1065 739 1091 scurram
759 1050 892 1092 multo
913 1052 1083 1092 similius

111 1123 346 1172 Imitatum3
379 1134 420 1164 et
440 1125 550 1179 cogit
571 1125 768 1165 rusticum
790 1125 901 1165 trudi
923 1125 1043 1166 foras.

109 1198 169 1238 At
190 1197 258 1238 ille
279 1198 433 1253 profert
454 1199 587 1253 ipsum
607 1199 832 1253 porcellum
854 1214 876 1240 e
897 1199 1011 1249 sinu;

111 1270 379 1326 Turpemque
399 1281 538 1325 aperto
558 1272 730 1327 pignore
749 1287 929 1312 errorem
949 1273 1139 1327 probans,

111 1351 138 1370 “
162 1346 239 1395 En,
263 1347 328 1387 hie
349 1346 539 1396 declarat,
562 1347 701 1402 quales
722 1348 806 1388 sitis
822 1348 994 1403 judices.
1008 1350 1029 1366 ''
1218 1353 1266 1391 lo

112 1421 261 1462 Adhuc
282 1431 499 1476 supersunt
519 1422 660 1472 multa,
683 1438 777 1479 quae
797 1424 947 1478 possim
967 1424 1093 1480 loqui,

113 1496 167 1536 Et
187 1496 348 1551 copiosa
367 1498 551 1538 abundat
570 1513 709 1539 rerum
728 1499 923 1549 varieta53

112 1573 195 1613 Sed
216 1583 451 1628 temperatae
472 1588 611 1614 suaves
631 1585 727 1616 sunt
746 1577 931 1632 argutiae,

111 1646 349 1688 Immodicae
370 1648 597 1690 offendunt.
658 1649 810 1699 Quare,
834 1651 895 1690 vir
917 1652 1178 1700 sanctissime,

112 1722 332 1771 Particulo‚
359 1723 509 1764 chartis
529 1739 679 1765 nomen
700 1725 903 1766 victurum
926 1727 1037 1774 meis,
1210 1731 1263 1768 ‘20

111 1796 270 1838 Latinis
291 1799 390 1839 dum
412 1800 593 1840 manebit
614 1801 791 1855 pretium
812 1801 952 1850 literis,

113 1871 157 1912 Si
178 1887 260 1913 non
282 1873 505 1929 ingenium,
528 1874 638 1915 certe
658 1876 901 1917 brevitatem
923 1878 1119 1932 approba,

113 1944 218 1992 Quae
237 1947 515 1988 commendari
539 1948 654 1989 tanto
675 1948 799 1990 debet
813 1948 976 2004 justiuS,

112 2020 282 2069 Quanto
304 2025 435 2076 po'etae
455 2034 550 2064 sunt
570 2025 728 2066 molesti
750 2025 934 2067 validius.

157 2106 177 2136 *2
204 2104 322 2143 Favor,
340 2103 509 2150 partiality
533 2105 585 2139 for
604 2106 664 2141 the
757 2110 776 2140 9
803 2107 935 2148 Latens,
953 2108 1210 2144 undiscovered.

110 2149 264 2183 buffoon.
763 2156 801 2186 10
832 2154 920 2194 Vero,
938 2154 978 2188 of
991 2155 1048 2189 the
1065 2156 1133 2190 real
1151 2155 1218 2201 pig.
