1503 2532
211 182 264 218 84
546 191 723 219 PHAEDRI
758 191 1030 219 FABULARUM

212 304 293 344 Sed
314 313 424 344 certa
444 303 560 352 ratio,
584 318 746 344 causam
767 304 971 344 scribendi
993 304 1118 345 dedit.

212 380 364 428 Quare,
390 379 611 428 Particulo,
635 380 829 434 quoniam
846 380 1000 434 caperis
1021 378 1182 428 fabulis,

209 456 323 503 Quas
348 454 559 509 AEwpeas,
582 470 664 496 non
688 454 834 510 AEsopi
854 456 1035 505 nomino,

211 530 359 583 (Quasi
381 544 529 584 paucas
550 529 785 578 ostenderit,
808 545 883 585 ego
905 530 1041 585 plures
1062 530 1229 578 dissero,

210 603 319 643 Usus
341 612 500 643 vetusto
520 617 682 658 genere,
705 603 777 643 sed
797 603 916 643 rebus
938 603 1084 653 novis,)
1341 608 1366 644 5

209 678 399 725 Quarum
420 677 606 718 libellum
627 677 726 717 dum
748 678 885 717 vacive
906 676 1100 732 perleges,

208 750 335 791 Hunc
367 752 598 791 obtrectare
617 750 650 790 si
671 749 780 790 volet
800 749 1046 804 malignztas,

208 824 367 864 Imitari
390 824 490 864 dum
510 838 593 864 non
614 824 753 877 possit,
776 823 976 863 obtrectet
997 823 1104 864 licet.

209 898 319 939 Mihi
340 908 458 953 parta
478 898 565 939 laus
585 908 657 946 est,
681 897 794 952 quod
816 908 872 946 tu,
896 896 1009 952 quod
1029 898 1180 940 similes
1202 899 1275 948 tui,

208 973 374 1013 Vestras
392 973 434 1012 in
455 972 615 1013 chartas
636 972 759 1012 verba
781 971 1005 1012 transfertis
1027 986 1128 1021 mea,
1318 977 1365 1013 10

209 1049 479 1104 Dignumque
499 1047 621 1103 longa
638 1047 832 1102 judicatis
849 1045 1058 1088 memoria.

212 1123 458 1164 Illiteratum
479 1123 667 1177 plausum
689 1137 763 1162 nec
785 1122 983 1163 desidero.

210 1199 356 1253 AEsopi
376 1213 527 1239 nomen
548 1198 676 1239 sicubi
698 1198 991 1252 interposuero‚

210 1276 290 1316 Cui
313 1275 473 1315 reddidi
489 1274 751 1329 jampridem,
774 1274 977 1330 quidquid
996 1274 1133 1324 debui,

207 1350 475 1390 Auctoritatis
497 1365 582 1390 esse
603 1350 703 1390 scito
724 1349 882 1405 grati323
1313 1355 1359 1392 15

208 1426 267 1466 Ut
291 1426 459 1481 quidam
479 1426 653 1466 artifices
675 1436 814 1467 nostro
835 1426 990 1467 faciunt
1009 1427 1172 1475 saeculo,

207 1501 290 1548 Qui
311 1502 490 1556 pretium
511 1502 701 1556 operibus
722 1502 852 1556 majus
874 1502 1098 1551 inveniunt,
1122 1517 1226 1543 novo

208 1578 251 1617 Si
274 1578 467 1618 marmori
488 1578 762 1632 ascripserunt
786 1578 1021 1618 Praxitelen
1043 1593 1127 1626 suo,

206 1652 326 1693 Trito
351 1652 572 1707 Myronem
592 1663 762 1708 argento
780 1668 788 1692 :
819 1651 909 1707 plus
932 1654 1097 1693 vetustis
1119 1667 1214 1694 nam
1235 1652 1341 1693 favet

206 1727 366 1767 Invidia
386 1728 570 1776 mordax,
594 1726 717 1783 quam
738 1728 854 1768 bonis
875 1728 1155 1783 praesentibus.
1304 1731 1358 1767 20

209 1803 290 1843 Sed
305 1804 392 1858 jam
413 1804 465 1844 ad
486 1803 676 1844 fabellam
698 1803 787 1844 talis
809 1803 985 1858 exempli
1007 1803 1126 1843 feror.

250 1899 271 1929 3
298 1898 386 1934 Quas
402 1898 458 1937 &a
475 1898 583 1931 which
604 1898 619 1931 Ι
637 1898 681 1931 do
699 1905 760 1932 not
807 1898 865 1931 the
883 1898 1153 1932 commendation
1171 1897 1212 1931 of
1223 1899 1282 1932 the
1299 1910 1360 1932 un—

204 1950 312 1976 assert
337 1950 373 1976 to
399 1944 440 1977 be
460 1944 609 1988 AEsop'S,
634 1945 695 1977 but
722 1951 758 1977 to
807 1944 953 1978 learned.

205 1989 247 2022 be
266 1988 400 2023 written
417 1990 451 2022 in
469 1990 519 2023 his
537 2001 686 2023 manner.
858 1993 894 2023 18
920 1990 1118 2029 Praxitelen,
1137 1990 1196 2024 the
1212 2002 1311 2024 name
1324 1990 1364 2023 of

251 2039 272 2068 5
300 2036 451 2069 Genere:
475 2037 628 2070 scribendi
652 2035 679 2069 is
697 2048 757 2070 un-
806 2035 1004 2074 Praxiteles,
1029 2048 1049 2069 a
1073 2036 1264 2070 celebrated
1291 2044 1359 2068 sta-

205 2080 381 2115 derstood.
805 2089 901 2126 tuary
919 2081 959 2114 of
973 2083 1113 2122 (ii-eece,
1130 2083 1208 2116 who
1225 2081 1359 2116 florish-

252 2127 364 2160 Rebus
381 2129 478 2167 novis,
496 2140 573 2162 new
590 2135 724 2163 matter.
805 2128 846 2162 ed
865 2129 968 2162 about
985 2131 1052 2162 320
1062 2140 1159 2172 years
1171 2128 1286 2162 before
1300 2127 1359 2161 the

256 2174 294 2205 12
344 2174 536 2208 Jlliteratum
598 2177 758 2219 plausum,
808 2174 977 2208 Christian
996 2185 1062 2208 era.
